{"ts":"2025-08-28T12:56:35.248140392Z","exchange":"binance_spot","symbol":"BTCUSDC","side":"BUY","price":"113330.12","qty":"0.00005","quote_spent":"5.666506","order_type":"MARKET_MOCK","iteration_id":"2025-08-28T12:56:35Z#1","filters_validated":true,"notes":""}
{"ts":"2025-08-28T12:56:35.293854513Z","exchange":"binance_spot","symbol":"ETHUSDC","side":"BUY","price":"4612.54","qty":"0.0011","quote_spent":"5.073794","order_type":"MARKET_MOCK","iteration_id":"2025-08-28T12:56:35Z#1","filters_validated":true,"notes":""}
{"ts":"2025-08-28T12:56:35.33633284Z","exchange":"binance_spot","symbol":"ADAUSDC","side":"BUY","price":"0.8716","qty":"5.8","quote_spent":"5.05528","order_type":"MARKET_MOCK","iteration_id":"2025-08-28T12:56:35Z#1","filters_validated":true,"notes":""}
{"ts":"2025-08-28T12:56:35.379741778Z","exchange":"binance_spot","symbol":"DOGEUSDC","side":"BUY","price":"0.22474","qty":"23","quote_spent":"5.16902","order_type":"MARKET_MOCK","iteration_id":"2025-08-28T12:56:35Z#1","filters_validated":true,"notes":""}
{"ts":"2025-08-28T12:56:35.42340639Z","exchange":"binance_spot","symbol":"SUIUSDC","side":"BUY","price":"3.5172","qty":"1.5","quote_spent":"5.2758","order_type":"MARKET_MOCK","iteration_id":"2025-08-28T12:56:35Z#1","filters_validated":true,"notes":""}
{"ts":"2025-08-28T12:56:35.468449983Z","exchange":"binance_spot","symbol":"SOLUSDC","side":"BUY","price":"213.84","qty":"0.024","quote_spent":"5.13216","order_type":"MARKET_MOCK","iteration_id":"2025-08-28T12:56:35Z#1","filters_validated":true,"notes":""}
{"ts":"2025-08-28T13:10:22.049039831Z","exchange":"binance_spot","symbol":"BTCUSDC","side":"BUY","price":"113126.64","qty":"0.00005","quote_spent":"5.656332","order_type":"MARKET_MOCK","iteration_id":"2025-08-28T13:10:22Z#1","filters_validated":true,"notes":""}
{"ts":"2025-08-28T13:10:22.09778241Z","exchange":"binance_spot","symbol":"ETHUSDC","side":"BUY","price":"4597.25","qty":"0.0011","quote_spent":"5.056975","order_type":"MARKET_MOCK","iteration_id":"2025-08-28T13:10:22Z#1","filters_validated":true,"notes":""}
{"ts":"2025-08-28T13:10:22.146538563Z","exchange":"binance_spot","symbol":"ADAUSDC","side":"BUY","price":"0.8689","qty":"5.8","quote_spent":"5.03962","order_type":"MARKET_MOCK","iteration_id":"2025-08-28T13:10:22Z#1","filters_validated":true,"notes":""}
{"ts":"2025-08-28T13:10:22.192485764Z","exchange":"binance_spot","symbol":"DOGEUSDC","side":"BUY","price":"0.22411","qty":"23","quote_spent":"5.15453","order_type":"MARKET_MOCK","iteration_id":"2025-08-28T13:10:22Z#1","filters_validated":true,"notes":""}
{"ts":"2025-08-28T13:10:22.238039121Z","exchange":"binance_spot","symbol":"SUIUSDC","side":"BUY","price":"3.5096","qty":"1.5","quote_spent":"5.2644","order_type":"MARKET_MOCK","iteration_id":"2025-08-28T13:10:22Z#1","filters_validated":true,"notes":""}
{"ts":"2025-08-28T13:10:22.285488194Z","exchange":"binance_spot","symbol":"SOLUSDC","side":"BUY","price":"213.3","qty":"0.024","quote_spent":"5.1192","order_type":"MARKET_MOCK","iteration_id":"2025-08-28T13:10:22Z#1","filters_validated":true,"notes":""}
{"ts":"2025-08-28T14:10:22.313281025Z","exchange":"binance_spot","symbol":"BTCUSDC","side":"BUY","price":"112998","qty":"0.00005","quote_spent":"5.6499","order_type":"MARKET_MOCK","iteration_id":"2025-08-28T14:10:22Z#2","filters_validated":true,"notes":""}
{"ts":"2025-08-28T14:10:22.366490231Z","exchange":"binance_spot","symbol":"ETHUSDC","side":"BUY","price":"4584.89","qty":"0.0011","quote_spent":"5.043379","order_type":"MARKET_MOCK","iteration_id":"2025-08-28T14:10:22Z#2","filters_validated":true,"notes":""}
{"ts":"2025-08-28T14:10:22.414940482Z","exchange":"binance_spot","symbol":"ADAUSDC","side":"BUY","price":"0.8715","qty":"5.8","quote_spent":"5.0547","order_type":"MARKET_MOCK","iteration_id":"2025-08-28T14:10:22Z#2","filters_validated":true,"notes":""}
{"ts":"2025-08-28T14:10:22.464168753Z","exchange":"binance_spot","symbol":"DOGEUSDC","side":"BUY","price":"0.22399","qty":"23","quote_spent":"5.15177","order_type":"MARKET_MOCK","iteration_id":"2025-08-28T14:10:22Z#2","filters_validated":true,"notes":""}
{"ts":"2025-08-28T14:10:22.512605634Z","exchange":"binance_spot","symbol":"SUIUSDC","side":"BUY","price":"3.5103","qty":"1.5","quote_spent":"5.26545","order_type":"MARKET_MOCK","iteration_id":"2025-08-28T14:10:22Z#2","filters_validated":true,"notes":""}
{"ts":"2025-08-28T14:10:22.558519344Z","exchange":"binance_spot","symbol":"SOLUSDC","side":"BUY","price":"214.36","qty":"0.024","quote_spent":"5.14464","order_type":"MARKET_MOCK","iteration_id":"2025-08-28T14:10:22Z#2","filters_validated":true,"notes":""}
{"ts":"2025-08-28T15:10:22.213509628Z","exchange":"binance_spot","symbol":"BTCUSDC","side":"BUY","price":"113053.99","qty":"0.00005","quote_spent":"5.6526995","order_type":"MARKET_MOCK","iteration_id":"2025-08-28T15:10:22Z#3","filters_validated":true,"notes":""}
{"ts":"2025-08-28T15:10:22.286029843Z","exchange":"binance_spot","symbol":"ETHUSDC","side":"BUY","price":"4557.64","qty":"0.0011","quote_spent":"5.013404","order_type":"MARKET_MOCK","iteration_id":"2025-08-28T15:10:22Z#3","filters_validated":true,"notes":""}
{"ts":"2025-08-28T15:10:22.360050859Z","exchange":"binance_spot","symbol":"ADAUSDC","side":"BUY","price":"0.8702","qty":"5.8","quote_spent":"5.04716","order_type":"MARKET_MOCK","iteration_id":"2025-08-28T15:10:22Z#3","filters_validated":true,"notes":""}
{"ts":"2025-08-28T15:10:22.410032809Z","exchange":"binance_spot","symbol":"DOGEUSDC","side":"BUY","price":"0.22427","qty":"23","quote_spent":"5.15821","order_type":"MARKET_MOCK","iteration_id":"2025-08-28T15:10:22Z#3","filters_validated":true,"notes":""}
{"ts":"2025-08-28T15:10:22.457800288Z","exchange":"binance_spot","symbol":"SUIUSDC","side":"BUY","price":"3.5076","qty":"1.5","quote_spent":"5.2614","order_type":"MARKET_MOCK","iteration_id":"2025-08-28T15:10:22Z#3","filters_validated":true,"notes":""}
{"ts":"2025-08-28T15:10:22.506886003Z","exchange":"binance_spot","symbol":"SOLUSDC","side":"BUY","price":"214.8","qty":"0.024","quote_spent":"5.1552","order_type":"MARKET_MOCK","iteration_id":"2025-08-28T15:10:22Z#3","filters_validated":true,"notes":""}
{"ts":"2025-08-28T15:33:48.627422322Z","exchange":"binance_spot","symbol":"BTCUSDC","side":"BUY","price":"112793.1","qty":"0.00005","quote_spent":"5.639655","order_type":"MARKET_MOCK","iteration_id":"2025-08-28T15:33:48Z#1","filters_validated":true,"notes":""}
{"ts":"2025-08-28T15:33:48.702129629Z","exchange":"binance_spot","symbol":"ETHUSDC","side":"BUY","price":"4529.3","qty":"0.0012","quote_spent":"5.43516","order_type":"MARKET_MOCK","iteration_id":"2025-08-28T15:33:48Z#1","filters_validated":true,"notes":""}
{"ts":"2025-08-28T15:33:48.754356733Z","exchange":"binance_spot","symbol":"ADAUSDC","side":"BUY","price":"0.8639","qty":"5.8","quote_spent":"5.01062","order_type":"MARKET_MOCK","iteration_id":"2025-08-28T15:33:48Z#1","filters_validated":true,"notes":""}
{"ts":"2025-08-28T15:33:48.805634674Z","exchange":"binance_spot","symbol":"DOGEUSDC","side":"BUY","price":"0.22274","qty":"23","quote_spent":"5.12302","order_type":"MARKET_MOCK","iteration_id":"2025-08-28T15:33:48Z#1","filters_validated":true,"notes":""}
{"ts":"2025-08-28T15:33:48.855080678Z","exchange":"binance_spot","symbol":"SUIUSDC","side":"BUY","price":"3.4866","qty":"1.5","quote_spent":"5.2299","order_type":"MARKET_MOCK","iteration_id":"2025-08-28T15:33:48Z#1","filters_validated":true,"notes":""}
{"ts":"2025-08-28T15:33:48.906376341Z","exchange":"binance_spot","symbol":"SOLUSDC","side":"BUY","price":"212.42","qty":"0.024","quote_spent":"5.09808","order_type":"MARKET_MOCK","iteration_id":"2025-08-28T15:33:48Z#1","filters_validated":true,"notes":""}
{"ts":"2025-08-28T16:33:48.786859584Z","exchange":"binance_spot","symbol":"BTCUSDC","side":"BUY","price":"112852","qty":"0.00005","quote_spent":"5.6426","order_type":"MARKET_MOCK","iteration_id":"2025-08-28T16:33:48Z#2","filters_validated":true,"notes":""}
{"ts":"2025-08-28T16:33:48.834872532Z","exchange":"binance_spot","symbol":"ETHUSDC","side":"BUY","price":"4513.53","qty":"0.0012","quote_spent":"5.416236","order_type":"MARKET_MOCK","iteration_id":"2025-08-28T16:33:48Z#2","filters_validated":true,"notes":""}
{"ts":"2025-08-28T16:33:48.882804Z","exchange":"binance_spot","symbol":"ADAUSDC","side":"BUY","price":"0.8598","qty":"5.9","quote_spent":"5.07282","order_type":"MARKET_MOCK","iteration_id":"2025-08-28T16:33:48Z#2","filters_validated":true,"notes":""}
{"ts":"2025-08-28T16:33:48.930229402Z","exchange":"binance_spot","symbol":"DOGEUSDC","side":"BUY","price":"0.22237","qty":"23","quote_spent":"5.11451","order_type":"MARKET_MOCK","iteration_id":"2025-08-28T16:33:48Z#2","filters_validated":true,"notes":""}
{"ts":"2025-08-28T16:33:48.975870238Z","exchange":"binance_spot","symbol":"SUIUSDC","side":"BUY","price":"3.4689","qty":"1.5","quote_spent":"5.20335","order_type":"MARKET_MOCK","iteration_id":"2025-08-28T16:33:48Z#2","filters_validated":true,"notes":""}
{"ts":"2025-08-28T16:33:49.023083328Z","exchange":"binance_spot","symbol":"SOLUSDC","side":"BUY","price":"212.2","qty":"0.024","quote_spent":"5.0928","order_type":"MARKET_MOCK","iteration_id":"2025-08-28T16:33:48Z#2","filters_validated":true,"notes":""}
{"ts":"2025-08-28T17:33:48.898384598Z","exchange":"binance_spot","symbol":"BTCUSDC","side":"BUY","price":"112467.98","qty":"0.00005","quote_spent":"5.623399","order_type":"MARKET_MOCK","iteration_id":"2025-08-28T17:33:48Z#3","filters_validated":true,"notes":""}
{"ts":"2025-08-28T17:33:48.950774418Z","exchange":"binance_spot","symbol":"ETHUSDC","side":"BUY","price":"4478.42","qty":"0.0012","quote_spent":"5.374104","order_type":"MARKET_MOCK","iteration_id":"2025-08-28T17:33:48Z#3","filters_validated":true,"notes":""}
{"ts":"2025-08-28T17:33:48.997210087Z","exchange":"binance_spot","symbol":"ADAUSDC","side":"BUY","price":"0.8523","qty":"5.9","quote_spent":"5.02857","order_type":"MARKET_MOCK","iteration_id":"2025-08-28T17:33:48Z#3","filters_validated":true,"notes":""}
{"ts":"2025-08-28T17:33:49.052623872Z","exchange":"binance_spot","symbol":"DOGEUSDC","side":"BUY","price":"0.22072","qty":"23","quote_spent":"5.07656","order_type":"MARKET_MOCK","iteration_id":"2025-08-28T17:33:48Z#3","filters_validated":true,"notes":""}
{"ts":"2025-08-28T17:33:49.168772328Z","exchange":"binance_spot","symbol":"SUIUSDC","side":"BUY","price":"3.4441","qty":"1.5","quote_spent":"5.16615","order_type":"MARKET_MOCK","iteration_id":"2025-08-28T17:33:48Z#3","filters_validated":true,"notes":""}
{"ts":"2025-08-28T17:33:49.211851705Z","exchange":"binance_spot","symbol":"SOLUSDC","side":"BUY","price":"209.36","qty":"0.024","quote_spent":"5.02464","order_type":"MARKET_MOCK","iteration_id":"2025-08-28T17:33:48Z#3","filters_validated":true,"notes":""}
{"ts":"2025-08-28T18:33:48.914620445Z","exchange":"binance_spot","symbol":"BTCUSDC","side":"BUY","price":"112635.06","qty":"0.00005","quote_spent":"5.631753","order_type":"MARKET_MOCK","iteration_id":"2025-08-28T18:33:48Z#4","filters_validated":true,"notes":""}
{"ts":"2025-08-28T18:33:48.960667671Z","exchange":"binance_spot","symbol":"ETHUSDC","side":"BUY","price":"4502.89","qty":"0.0012","quote_spent":"5.403468","order_type":"MARKET_MOCK","iteration_id":"2025-08-28T18:33:48Z#4","filters_validated":true,"notes":""}
{"ts":"2025-08-28T18:33:49.004915Z","exchange":"binance_spot","symbol":"ADAUSDC","side":"BUY","price":"0.8556","qty":"5.9","quote_spent":"5.04804","order_type":"MARKET_MOCK","iteration_id":"2025-08-28T18:33:48Z#4","filters_validated":true,"notes":""}
{"ts":"2025-08-28T18:33:49.050698419Z","exchange":"binance_spot","symbol":"DOGEUSDC","side":"BUY","price":"0.22272","qty":"23","quote_spent":"5.12256","order_type":"MARKET_MOCK","iteration_id":"2025-08-28T18:33:48Z#4","filters_validated":true,"notes":""}
{"ts":"2025-08-28T18:33:49.098108016Z","exchange":"binance_spot","symbol":"SUIUSDC","side":"BUY","price":"3.457","qty":"1.5","quote_spent":"5.1855","order_type":"MARKET_MOCK","iteration_id":"2025-08-28T18:33:48Z#4","filters_validated":true,"notes":""}
{"ts":"2025-08-28T18:33:49.143282618Z","exchange":"binance_spot","symbol":"SOLUSDC","side":"BUY","price":"211.46","qty":"0.024","quote_spent":"5.07504","order_type":"MARKET_MOCK","iteration_id":"2025-08-28T18:33:48Z#4","filters_validated":true,"notes":""}
{"ts":"2025-08-28T19:33:48.970526608Z","exchange":"binance_spot","symbol":"BTCUSDC","side":"BUY","price":"112282.26","qty":"0.00005","quote_spent":"5.614113","order_type":"MARKET_MOCK","iteration_id":"2025-08-28T19:33:48Z#5","filters_validated":true,"notes":""}
{"ts":"2025-08-28T19:33:49.021083115Z","exchange":"binance_spot","symbol":"ETHUSDC","side":"BUY","price":"4471","qty":"0.0012","quote_spent":"5.3652","order_type":"MARKET_MOCK","iteration_id":"2025-08-28T19:33:48Z#5","filters_validated":true,"notes":""}
{"ts":"2025-08-28T19:33:49.070813691Z","exchange":"binance_spot","symbol":"ADAUSDC","side":"BUY","price":"0.8512","qty":"5.9","quote_spent":"5.02208","order_type":"MARKET_MOCK","iteration_id":"2025-08-28T19:33:48Z#5","filters_validated":true,"notes":""}
{"ts":"2025-08-28T19:33:49.1189717Z","exchange":"binance_spot","symbol":"DOGEUSDC","side":"BUY","price":"0.22166","qty":"23","quote_spent":"5.09818","order_type":"MARKET_MOCK","iteration_id":"2025-08-28T19:33:48Z#5","filters_validated":true,"notes":""}
{"ts":"2025-08-28T19:33:49.167630849Z","exchange":"binance_spot","symbol":"SUIUSDC","side":"BUY","price":"3.444","qty":"1.5","quote_spent":"5.166","order_type":"MARKET_MOCK","iteration_id":"2025-08-28T19:33:48Z#5","filters_validated":true,"notes":""}
{"ts":"2025-08-28T19:33:49.212402617Z","exchange":"binance_spot","symbol":"SOLUSDC","side":"BUY","price":"211.54","qty":"0.024","quote_spent":"5.07696","order_type":"MARKET_MOCK","iteration_id":"2025-08-28T19:33:48Z#5","filters_validated":true,"notes":""}
{"ts":"2025-08-28T20:33:49.021178249Z","exchange":"binance_spot","symbol":"BTCUSDC","side":"BUY","price":"111962.57","qty":"0.00005","quote_spent":"5.5981285","order_type":"MARKET_MOCK","iteration_id":"2025-08-28T20:33:48Z#6","filters_validated":true,"notes":""}
{"ts":"2025-08-28T20:33:49.08366145Z","exchange":"binance_spot","symbol":"ETHUSDC","side":"BUY","price":"4455.45","qty":"0.0012","quote_spent":"5.34654","order_type":"MARKET_MOCK","iteration_id":"2025-08-28T20:33:48Z#6","filters_validated":true,"notes":""}
{"ts":"2025-08-28T20:33:49.134702742Z","exchange":"binance_spot","symbol":"ADAUSDC","side":"BUY","price":"0.8459","qty":"6","quote_spent":"5.0754","order_type":"MARKET_MOCK","iteration_id":"2025-08-28T20:33:48Z#6","filters_validated":true,"notes":""}
{"ts":"2025-08-28T20:33:49.187473395Z","exchange":"binance_spot","symbol":"DOGEUSDC","side":"BUY","price":"0.22089","qty":"23","quote_spent":"5.08047","order_type":"MARKET_MOCK","iteration_id":"2025-08-28T20:33:48Z#6","filters_validated":true,"notes":""}
{"ts":"2025-08-28T20:33:49.238896477Z","exchange":"binance_spot","symbol":"SUIUSDC","side":"BUY","price":"3.4258","qty":"1.5","quote_spent":"5.1387","order_type":"MARKET_MOCK","iteration_id":"2025-08-28T20:33:48Z#6","filters_validated":true,"notes":""}
{"ts":"2025-08-28T20:33:49.288860823Z","exchange":"binance_spot","symbol":"SOLUSDC","side":"BUY","price":"211.94","qty":"0.024","quote_spent":"5.08656","order_type":"MARKET_MOCK","iteration_id":"2025-08-28T20:33:48Z#6","filters_validated":true,"notes":""}
{"ts":"2025-08-28T21:33:49.078968399Z","exchange":"binance_spot","symbol":"BTCUSDC","side":"BUY","price":"111946","qty":"0.00005","quote_spent":"5.5973","order_type":"MARKET_MOCK","iteration_id":"2025-08-28T21:33:48Z#7","filters_validated":true,"notes":""}
{"ts":"2025-08-28T21:33:49.130062441Z","exchange":"binance_spot","symbol":"ETHUSDC","side":"BUY","price":"4480.64","qty":"0.0012","quote_spent":"5.376768","order_type":"MARKET_MOCK","iteration_id":"2025-08-28T21:33:48Z#7","filters_validated":true,"notes":""}
{"ts":"2025-08-28T21:33:49.177048354Z","exchange":"binance_spot","symbol":"ADAUSDC","side":"BUY","price":"0.8498","qty":"5.9","quote_spent":"5.01382","order_type":"MARKET_MOCK","iteration_id":"2025-08-28T21:33:48Z#7","filters_validated":true,"notes":""}
{"ts":"2025-08-28T21:33:49.223687476Z","exchange":"binance_spot","symbol":"DOGEUSDC","side":"BUY","price":"0.22171","qty":"23","quote_spent":"5.09933","order_type":"MARKET_MOCK","iteration_id":"2025-08-28T21:33:48Z#7","filters_validated":true,"notes":""}
{"ts":"2025-08-28T21:33:49.269091714Z","exchange":"binance_spot","symbol":"SUIUSDC","side":"BUY","price":"3.4461","qty":"1.5","quote_spent":"5.16915","order_type":"MARKET_MOCK","iteration_id":"2025-08-28T21:33:48Z#7","filters_validated":true,"notes":""}
{"ts":"2025-08-28T21:33:49.314265474Z","exchange":"binance_spot","symbol":"SOLUSDC","side":"BUY","price":"212.06","qty":"0.024","quote_spent":"5.08944","order_type":"MARKET_MOCK","iteration_id":"2025-08-28T21:33:48Z#7","filters_validated":true,"notes":""}
{"ts":"2025-08-28T22:33:49.148210251Z","exchange":"binance_spot","symbol":"BTCUSDC","side":"BUY","price":"112465.57","qty":"0.00005","quote_spent":"5.6232785","order_type":"MARKET_MOCK","iteration_id":"2025-08-28T22:33:48Z#8","filters_validated":true,"notes":""}
{"ts":"2025-08-28T22:33:49.219791993Z","exchange":"binance_spot","symbol":"ETHUSDC","side":"BUY","price":"4512.64","qty":"0.0012","quote_spent":"5.415168","order_type":"MARKET_MOCK","iteration_id":"2025-08-28T22:33:48Z#8","filters_validated":true,"notes":""}
{"ts":"2025-08-28T22:33:49.27501267Z","exchange":"binance_spot","symbol":"ADAUSDC","side":"BUY","price":"0.8611","qty":"5.9","quote_spent":"5.08049","order_type":"MARKET_MOCK","iteration_id":"2025-08-28T22:33:48Z#8","filters_validated":true,"notes":""}
{"ts":"2025-08-28T22:33:49.354988042Z","exchange":"binance_spot","symbol":"DOGEUSDC","side":"BUY","price":"0.2245","qty":"23","quote_spent":"5.1635","order_type":"MARKET_MOCK","iteration_id":"2025-08-28T22:33:48Z#8","filters_validated":true,"notes":""}
{"ts":"2025-08-28T22:33:49.411692448Z","exchange":"binance_spot","symbol":"SUIUSDC","side":"BUY","price":"3.499","qty":"1.5","quote_spent":"5.2485","order_type":"MARKET_MOCK","iteration_id":"2025-08-28T22:33:48Z#8","filters_validated":true,"notes":""}
{"ts":"2025-08-28T22:33:49.47863185Z","exchange":"binance_spot","symbol":"SOLUSDC","side":"BUY","price":"215.3","qty":"0.024","quote_spent":"5.1672","order_type":"MARKET_MOCK","iteration_id":"2025-08-28T22:33:48Z#8","filters_validated":true,"notes":""}
{"ts":"2025-08-28T23:33:49.122460123Z","exchange":"binance_spot","symbol":"BTCUSDC","side":"BUY","price":"112411.31","qty":"0.00005","quote_spent":"5.6205655","order_type":"MARKET_MOCK","iteration_id":"2025-08-28T23:33:48Z#9","filters_validated":true,"notes":""}
{"ts":"2025-08-28T23:33:49.172342415Z","exchange":"binance_spot","symbol":"ETHUSDC","side":"BUY","price":"4496.52","qty":"0.0012","quote_spent":"5.395824","order_type":"MARKET_MOCK","iteration_id":"2025-08-28T23:33:48Z#9","filters_validated":true,"notes":""}
{"ts":"2025-08-28T23:33:49.219899903Z","exchange":"binance_spot","symbol":"ADAUSDC","side":"BUY","price":"0.8574","qty":"5.9","quote_spent":"5.05866","order_type":"MARKET_MOCK","iteration_id":"2025-08-28T23:33:48Z#9","filters_validated":true,"notes":""}
{"ts":"2025-08-28T23:33:49.267406504Z","exchange":"binance_spot","symbol":"DOGEUSDC","side":"BUY","price":"0.22412","qty":"23","quote_spent":"5.15476","order_type":"MARKET_MOCK","iteration_id":"2025-08-28T23:33:48Z#9","filters_validated":true,"notes":""}
{"ts":"2025-08-28T23:33:49.315749457Z","exchange":"binance_spot","symbol":"SUIUSDC","side":"BUY","price":"3.4808","qty":"1.5","quote_spent":"5.2212","order_type":"MARKET_MOCK","iteration_id":"2025-08-28T23:33:48Z#9","filters_validated":true,"notes":""}
{"ts":"2025-08-28T23:33:49.359872536Z","exchange":"binance_spot","symbol":"SOLUSDC","side":"BUY","price":"214.02","qty":"0.024","quote_spent":"5.13648","order_type":"MARKET_MOCK","iteration_id":"2025-08-28T23:33:48Z#9","filters_validated":true,"notes":""}
{"ts":"2025-08-29T00:33:49.238958707Z","exchange":"binance_spot","symbol":"BTCUSDC","side":"BUY","price":"112382.01","qty":"0.00005","quote_spent":"5.6191005","order_type":"MARKET_MOCK","iteration_id":"2025-08-29T00:33:49Z#10","filters_validated":true,"notes":""}
{"ts":"2025-08-29T00:33:49.292522406Z","exchange":"binance_spot","symbol":"ETHUSDC","side":"BUY","price":"4493.13","qty":"0.0012","quote_spent":"5.391756","order_type":"MARKET_MOCK","iteration_id":"2025-08-29T00:33:49Z#10","filters_validated":true,"notes":""}
{"ts":"2025-08-29T00:33:49.348590428Z","exchange":"binance_spot","symbol":"ADAUSDC","side":"BUY","price":"0.8592","qty":"5.9","quote_spent":"5.06928","order_type":"MARKET_MOCK","iteration_id":"2025-08-29T00:33:49Z#10","filters_validated":true,"notes":""}
{"ts":"2025-08-29T00:33:49.401955185Z","exchange":"binance_spot","symbol":"DOGEUSDC","side":"BUY","price":"0.22375","qty":"23","quote_spent":"5.14625","order_type":"MARKET_MOCK","iteration_id":"2025-08-29T00:33:49Z#10","filters_validated":true,"notes":""}
{"ts":"2025-08-29T00:33:49.445991034Z","exchange":"binance_spot","symbol":"SUIUSDC","side":"BUY","price":"3.4774","qty":"1.5","quote_spent":"5.2161","order_type":"MARKET_MOCK","iteration_id":"2025-08-29T00:33:49Z#10","filters_validated":true,"notes":""}
{"ts":"2025-08-29T00:33:49.493819839Z","exchange":"binance_spot","symbol":"SOLUSDC","side":"BUY","price":"215.73","qty":"0.024","quote_spent":"5.17752","order_type":"MARKET_MOCK","iteration_id":"2025-08-29T00:33:49Z#10","filters_validated":true,"notes":""}
{"ts":"2025-08-29T01:33:49.217363956Z","exchange":"binance_spot","symbol":"BTCUSDC","side":"BUY","price":"111590.72","qty":"0.00005","quote_spent":"5.579536","order_type":"MARKET_MOCK","iteration_id":"2025-08-29T01:33:49Z#11","filters_validated":true,"notes":""}
{"ts":"2025-08-29T01:33:49.270306754Z","exchange":"binance_spot","symbol":"ETHUSDC","side":"BUY","price":"4450.82","qty":"0.0012","quote_spent":"5.340984","order_type":"MARKET_MOCK","iteration_id":"2025-08-29T01:33:49Z#11","filters_validated":true,"notes":""}
{"ts":"2025-08-29T01:33:49.32187871Z","exchange":"binance_spot","symbol":"ADAUSDC","side":"BUY","price":"0.8417","qty":"6","quote_spent":"5.0502","order_type":"MARKET_MOCK","iteration_id":"2025-08-29T01:33:49Z#11","filters_validated":true,"notes":""}
{"ts":"2025-08-29T01:33:49.372669368Z","exchange":"binance_spot","symbol":"DOGEUSDC","side":"BUY","price":"0.22029","qty":"23","quote_spent":"5.06667","order_type":"MARKET_MOCK","iteration_id":"2025-08-29T01:33:49Z#11","filters_validated":true,"notes":""}
{"ts":"2025-08-29T01:33:49.421726229Z","exchange":"binance_spot","symbol":"SUIUSDC","side":"BUY","price":"3.4273","qty":"1.5","quote_spent":"5.14095","order_type":"MARKET_MOCK","iteration_id":"2025-08-29T01:33:49Z#11","filters_validated":true,"notes":""}
{"ts":"2025-08-29T01:33:49.469227937Z","exchange":"binance_spot","symbol":"SOLUSDC","side":"BUY","price":"213.25","qty":"0.024","quote_spent":"5.118","order_type":"MARKET_MOCK","iteration_id":"2025-08-29T01:33:49Z#11","filters_validated":true,"notes":""}
{"ts":"2025-08-29T02:33:49.281396923Z","exchange":"binance_spot","symbol":"BTCUSDC","side":"BUY","price":"111589.99","qty":"0.00005","quote_spent":"5.5794995","order_type":"MARKET_MOCK","iteration_id":"2025-08-29T02:33:49Z#12","filters_validated":true,"notes":""}
{"ts":"2025-08-29T02:33:49.325833194Z","exchange":"binance_spot","symbol":"ETHUSDC","side":"BUY","price":"4475.79","qty":"0.0012","quote_spent":"5.370948","order_type":"MARKET_MOCK","iteration_id":"2025-08-29T02:33:49Z#12","filters_validated":true,"notes":""}
{"ts":"2025-08-29T02:33:49.368216061Z","exchange":"binance_spot","symbol":"ADAUSDC","side":"BUY","price":"0.85","qty":"5.9","quote_spent":"5.015","order_type":"MARKET_MOCK","iteration_id":"2025-08-29T02:33:49Z#12","filters_validated":true,"notes":""}
{"ts":"2025-08-29T02:33:49.41320934Z","exchange":"binance_spot","symbol":"DOGEUSDC","side":"BUY","price":"0.22304","qty":"23","quote_spent":"5.12992","order_type":"MARKET_MOCK","iteration_id":"2025-08-29T02:33:49Z#12","filters_validated":true,"notes":""}
{"ts":"2025-08-29T02:33:49.457032493Z","exchange":"binance_spot","symbol":"SUIUSDC","side":"BUY","price":"3.4636","qty":"1.5","quote_spent":"5.1954","order_type":"MARKET_MOCK","iteration_id":"2025-08-29T02:33:49Z#12","filters_validated":true,"notes":""}
{"ts":"2025-08-29T02:33:49.501554152Z","exchange":"binance_spot","symbol":"SOLUSDC","side":"BUY","price":"216.38","qty":"0.024","quote_spent":"5.19312","order_type":"MARKET_MOCK","iteration_id":"2025-08-29T02:33:49Z#12","filters_validated":true,"notes":""}
{"ts":"2025-08-29T03:33:49.2937773Z","exchange":"binance_spot","symbol":"BTCUSDC","side":"BUY","price":"111614.08","qty":"0.00005","quote_spent":"5.580704","order_type":"MARKET_MOCK","iteration_id":"2025-08-29T03:33:49Z#13","filters_validated":true,"notes":""}
{"ts":"2025-08-29T03:33:49.339945872Z","exchange":"binance_spot","symbol":"ETHUSDC","side":"BUY","price":"4483.59","qty":"0.0012","quote_spent":"5.380308","order_type":"MARKET_MOCK","iteration_id":"2025-08-29T03:33:49Z#13","filters_validated":true,"notes":""}
{"ts":"2025-08-29T03:33:49.388741839Z","exchange":"binance_spot","symbol":"ADAUSDC","side":"BUY","price":"0.8501","qty":"5.9","quote_spent":"5.01559","order_type":"MARKET_MOCK","iteration_id":"2025-08-29T03:33:49Z#13","filters_validated":true,"notes":""}
{"ts":"2025-08-29T03:33:49.463641387Z","exchange":"binance_spot","symbol":"DOGEUSDC","side":"BUY","price":"0.22209","qty":"23","quote_spent":"5.10807","order_type":"MARKET_MOCK","iteration_id":"2025-08-29T03:33:49Z#13","filters_validated":true,"notes":""}
{"ts":"2025-08-29T03:33:49.521215929Z","exchange":"binance_spot","symbol":"SUIUSDC","side":"BUY","price":"3.4561","qty":"1.5","quote_spent":"5.18415","order_type":"MARKET_MOCK","iteration_id":"2025-08-29T03:33:49Z#13","filters_validated":true,"notes":""}
{"ts":"2025-08-29T03:33:49.568008267Z","exchange":"binance_spot","symbol":"SOLUSDC","side":"BUY","price":"215.62","qty":"0.024","quote_spent":"5.17488","order_type":"MARKET_MOCK","iteration_id":"2025-08-29T03:33:49Z#13","filters_validated":true,"notes":""}
{"ts":"2025-08-29T04:33:49.618207938Z","exchange":"binance_spot","symbol":"BTCUSDC","side":"BUY","price":"111594","qty":"0.00005","quote_spent":"5.5797","order_type":"MARKET_MOCK","iteration_id":"2025-08-29T04:33:49Z#14","filters_validated":true,"notes":""}
{"ts":"2025-08-29T04:33:49.666551564Z","exchange":"binance_spot","symbol":"ETHUSDC","side":"BUY","price":"4489.52","qty":"0.0012","quote_spent":"5.387424","order_type":"MARKET_MOCK","iteration_id":"2025-08-29T04:33:49Z#14","filters_validated":true,"notes":""}
{"ts":"2025-08-29T04:33:49.712745675Z","exchange":"binance_spot","symbol":"ADAUSDC","side":"BUY","price":"0.8523","qty":"5.9","quote_spent":"5.02857","order_type":"MARKET_MOCK","iteration_id":"2025-08-29T04:33:49Z#14","filters_validated":true,"notes":""}
{"ts":"2025-08-29T04:33:49.760332593Z","exchange":"binance_spot","symbol":"DOGEUSDC","side":"BUY","price":"0.2222","qty":"23","quote_spent":"5.1106","order_type":"MARKET_MOCK","iteration_id":"2025-08-29T04:33:49Z#14","filters_validated":true,"notes":""}
{"ts":"2025-08-29T04:33:49.80798125Z","exchange":"binance_spot","symbol":"SUIUSDC","side":"BUY","price":"3.4582","qty":"1.5","quote_spent":"5.1873","order_type":"MARKET_MOCK","iteration_id":"2025-08-29T04:33:49Z#14","filters_validated":true,"notes":""}
{"ts":"2025-08-29T04:33:49.87329479Z","exchange":"binance_spot","symbol":"SOLUSDC","side":"BUY","price":"217.85","qty":"0.023","quote_spent":"5.01055","order_type":"MARKET_MOCK","iteration_id":"2025-08-29T04:33:49Z#14","filters_validated":true,"notes":""}
{"ts":"2025-08-29T05:33:49.424797967Z","exchange":"binance_spot","symbol":"BTCUSDC","side":"BUY","price":"111268.38","qty":"0.00005","quote_spent":"5.563419","order_type":"MARKET_MOCK","iteration_id":"2025-08-29T05:33:49Z#15","filters_validated":true,"notes":""}
{"ts":"2025-08-29T05:33:49.475578823Z","exchange":"binance_spot","symbol":"ETHUSDC","side":"BUY","price":"4472.96","qty":"0.0012","quote_spent":"5.367552","order_type":"MARKET_MOCK","iteration_id":"2025-08-29T05:33:49Z#15","filters_validated":true,"notes":""}
{"ts":"2025-08-29T05:33:49.521644693Z","exchange":"binance_spot","symbol":"ADAUSDC","side":"BUY","price":"0.845","qty":"6","quote_spent":"5.07","order_type":"MARKET_MOCK","iteration_id":"2025-08-29T05:33:49Z#15","filters_validated":true,"notes":""}
{"ts":"2025-08-29T05:33:49.570338256Z","exchange":"binance_spot","symbol":"DOGEUSDC","side":"BUY","price":"0.22048","qty":"23","quote_spent":"5.07104","order_type":"MARKET_MOCK","iteration_id":"2025-08-29T05:33:49Z#15","filters_validated":true,"notes":""}
{"ts":"2025-08-29T05:33:49.621656421Z","exchange":"binance_spot","symbol":"SUIUSDC","side":"BUY","price":"3.4317","qty":"1.5","quote_spent":"5.14755","order_type":"MARKET_MOCK","iteration_id":"2025-08-29T05:33:49Z#15","filters_validated":true,"notes":""}
{"ts":"2025-08-29T05:33:49.675085988Z","exchange":"binance_spot","symbol":"SOLUSDC","side":"BUY","price":"215.2","qty":"0.024","quote_spent":"5.1648","order_type":"MARKET_MOCK","iteration_id":"2025-08-29T05:33:49Z#15","filters_validated":true,"notes":""}
{"ts":"2025-08-29T06:33:49.551134843Z","exchange":"binance_spot","symbol":"BTCUSDC","side":"BUY","price":"111000.01","qty":"0.00005","quote_spent":"5.5500005","order_type":"MARKET_MOCK","iteration_id":"2025-08-29T06:33:49Z#16","filters_validated":true,"notes":""}
{"ts":"2025-08-29T06:33:49.596782204Z","exchange":"binance_spot","symbol":"ETHUSDC","side":"BUY","price":"4454.98","qty":"0.0012","quote_spent":"5.345976","order_type":"MARKET_MOCK","iteration_id":"2025-08-29T06:33:49Z#16","filters_validated":true,"notes":""}
{"ts":"2025-08-29T06:33:49.640603942Z","exchange":"binance_spot","symbol":"ADAUSDC","side":"BUY","price":"0.8396","qty":"6","quote_spent":"5.0376","order_type":"MARKET_MOCK","iteration_id":"2025-08-29T06:33:49Z#16","filters_validated":true,"notes":""}
{"ts":"2025-08-29T06:33:49.685465837Z","exchange":"binance_spot","symbol":"DOGEUSDC","side":"BUY","price":"0.21858","qty":"23","quote_spent":"5.02734","order_type":"MARKET_MOCK","iteration_id":"2025-08-29T06:33:49Z#16","filters_validated":true,"notes":""}
{"ts":"2025-08-29T06:33:49.72852398Z","exchange":"binance_spot","symbol":"SUIUSDC","side":"BUY","price":"3.4071","qty":"1.5","quote_spent":"5.11065","order_type":"MARKET_MOCK","iteration_id":"2025-08-29T06:33:49Z#16","filters_validated":true,"notes":""}
{"ts":"2025-08-29T06:33:49.797587078Z","exchange":"binance_spot","symbol":"SOLUSDC","side":"BUY","price":"212.95","qty":"0.024","quote_spent":"5.1108","order_type":"MARKET_MOCK","iteration_id":"2025-08-29T06:33:49Z#16","filters_validated":true,"notes":""}
{"ts":"2025-08-29T07:33:49.601986014Z","exchange":"binance_spot","symbol":"BTCUSDC","side":"BUY","price":"110287.11","qty":"0.00005","quote_spent":"5.5143555","order_type":"MARKET_MOCK","iteration_id":"2025-08-29T07:33:49Z#17","filters_validated":true,"notes":""}
{"ts":"2025-08-29T07:33:49.672431539Z","exchange":"binance_spot","symbol":"ETHUSDC","side":"BUY","price":"4396.11","qty":"0.0012","quote_spent":"5.275332","order_type":"MARKET_MOCK","iteration_id":"2025-08-29T07:33:49Z#17","filters_validated":true,"notes":""}
{"ts":"2025-08-29T07:33:49.720015242Z","exchange":"binance_spot","symbol":"ADAUSDC","side":"BUY","price":"0.8305","qty":"6.1","quote_spent":"5.06605","order_type":"MARKET_MOCK","iteration_id":"2025-08-29T07:33:49Z#17","filters_validated":true,"notes":""}
{"ts":"2025-08-29T07:33:49.768599686Z","exchange":"binance_spot","symbol":"DOGEUSDC","side":"BUY","price":"0.21571","qty":"24","quote_spent":"5.17704","order_type":"MARKET_MOCK","iteration_id":"2025-08-29T07:33:49Z#17","filters_validated":true,"notes":""}
{"ts":"2025-08-29T07:33:49.817208944Z","exchange":"binance_spot","symbol":"SUIUSDC","side":"BUY","price":"3.3701","qty":"1.5","quote_spent":"5.05515","order_type":"MARKET_MOCK","iteration_id":"2025-08-29T07:33:49Z#17","filters_validated":true,"notes":""}
{"ts":"2025-08-29T07:33:49.863647298Z","exchange":"binance_spot","symbol":"SOLUSDC","side":"BUY","price":"210.09","qty":"0.024","quote_spent":"5.04216","order_type":"MARKET_MOCK","iteration_id":"2025-08-29T07:33:49Z#17","filters_validated":true,"notes":""}
{"ts":"2025-08-29T08:33:49.627939172Z","exchange":"binance_spot","symbol":"BTCUSDC","side":"BUY","price":"110079.99","qty":"0.00005","quote_spent":"5.5039995","order_type":"MARKET_MOCK","iteration_id":"2025-08-29T08:33:49Z#18","filters_validated":true,"notes":""}
{"ts":"2025-08-29T08:33:49.688552246Z","exchange":"binance_spot","symbol":"ETHUSDC","side":"BUY","price":"4368.32","qty":"0.0012","quote_spent":"5.241984","order_type":"MARKET_MOCK","iteration_id":"2025-08-29T08:33:49Z#18","filters_validated":true,"notes":""}
{"ts":"2025-08-29T08:33:49.738616335Z","exchange":"binance_spot","symbol":"ADAUSDC","side":"BUY","price":"0.825","qty":"6.1","quote_spent":"5.0325","order_type":"MARKET_MOCK","iteration_id":"2025-08-29T08:33:49Z#18","filters_validated":true,"notes":""}
{"ts":"2025-08-29T08:33:49.790397104Z","exchange":"binance_spot","symbol":"DOGEUSDC","side":"BUY","price":"0.21408","qty":"24","quote_spent":"5.13792","order_type":"MARKET_MOCK","iteration_id":"2025-08-29T08:33:49Z#18","filters_validated":true,"notes":""}
{"ts":"2025-08-29T08:33:49.839489447Z","exchange":"binance_spot","symbol":"SUIUSDC","side":"BUY","price":"3.3456","qty":"1.5","quote_spent":"5.0184","order_type":"MARKET_MOCK","iteration_id":"2025-08-29T08:33:49Z#18","filters_validated":true,"notes":""}
{"ts":"2025-08-29T08:33:49.883930891Z","exchange":"binance_spot","symbol":"SOLUSDC","side":"BUY","price":"208.49","qty":"0.024","quote_spent":"5.00376","order_type":"MARKET_MOCK","iteration_id":"2025-08-29T08:33:49Z#18","filters_validated":true,"notes":""}
{"ts":"2025-08-29T09:33:49.690375378Z","exchange":"binance_spot","symbol":"BTCUSDC","side":"BUY","price":"109748.01","qty":"0.00005","quote_spent":"5.4874005","order_type":"MARKET_MOCK","iteration_id":"2025-08-29T09:33:49Z#19","filters_validated":true,"notes":""}
{"ts":"2025-08-29T09:33:49.765056298Z","exchange":"binance_spot","symbol":"ETHUSDC","side":"BUY","price":"4338.64","qty":"0.0012","quote_spent":"5.206368","order_type":"MARKET_MOCK","iteration_id":"2025-08-29T09:33:49Z#19","filters_validated":true,"notes":""}
{"ts":"2025-08-29T09:33:49.819703209Z","exchange":"binance_spot","symbol":"ADAUSDC","side":"BUY","price":"0.8202","qty":"6.1","quote_spent":"5.00322","order_type":"MARKET_MOCK","iteration_id":"2025-08-29T09:33:49Z#19","filters_validated":true,"notes":""}
{"ts":"2025-08-29T09:33:49.868206095Z","exchange":"binance_spot","symbol":"DOGEUSDC","side":"BUY","price":"0.21342","qty":"24","quote_spent":"5.12208","order_type":"MARKET_MOCK","iteration_id":"2025-08-29T09:33:49Z#19","filters_validated":true,"notes":""}
{"ts":"2025-08-29T09:33:49.91582124Z","exchange":"binance_spot","symbol":"SUIUSDC","side":"BUY","price":"3.3077","qty":"1.6","quote_spent":"5.29232","order_type":"MARKET_MOCK","iteration_id":"2025-08-29T09:33:49Z#19","filters_validated":true,"notes":""}
{"ts":"2025-08-29T09:33:49.964702951Z","exchange":"binance_spot","symbol":"SOLUSDC","side":"BUY","price":"207.13","qty":"0.025","quote_spent":"5.17825","order_type":"MARKET_MOCK","iteration_id":"2025-08-29T09:33:49Z#19","filters_validated":true,"notes":""}
{"ts":"2025-08-29T10:33:49.725549737Z","exchange":"binance_spot","symbol":"BTCUSDC","side":"BUY","price":"109933.49","qty":"0.00005","quote_spent":"5.4966745","order_type":"MARKET_MOCK","iteration_id":"2025-08-29T10:33:49Z#20","filters_validated":true,"notes":""}
{"ts":"2025-08-29T10:33:49.798455357Z","exchange":"binance_spot","symbol":"ETHUSDC","side":"BUY","price":"4356.77","qty":"0.0012","quote_spent":"5.228124","order_type":"MARKET_MOCK","iteration_id":"2025-08-29T10:33:49Z#20","filters_validated":true,"notes":""}
{"ts":"2025-08-29T10:33:49.85208018Z","exchange":"binance_spot","symbol":"ADAUSDC","side":"BUY","price":"0.8259","qty":"6.1","quote_spent":"5.03799","order_type":"MARKET_MOCK","iteration_id":"2025-08-29T10:33:49Z#20","filters_validated":true,"notes":""}
{"ts":"2025-08-29T10:33:49.90241252Z","exchange":"binance_spot","symbol":"DOGEUSDC","side":"BUY","price":"0.21508","qty":"24","quote_spent":"5.16192","order_type":"MARKET_MOCK","iteration_id":"2025-08-29T10:33:49Z#20","filters_validated":true,"notes":""}
{"ts":"2025-08-29T10:33:49.95294632Z","exchange":"binance_spot","symbol":"SUIUSDC","side":"BUY","price":"3.3127","qty":"1.6","quote_spent":"5.30032","order_type":"MARKET_MOCK","iteration_id":"2025-08-29T10:33:49Z#20","filters_validated":true,"notes":""}
{"ts":"2025-08-29T10:33:50.006379904Z","exchange":"binance_spot","symbol":"SOLUSDC","side":"BUY","price":"208.49","qty":"0.024","quote_spent":"5.00376","order_type":"MARKET_MOCK","iteration_id":"2025-08-29T10:33:49Z#20","filters_validated":true,"notes":""}
{"ts":"2025-08-29T11:33:49.690121608Z","exchange":"binance_spot","symbol":"BTCUSDC","side":"BUY","price":"110052","qty":"0.00005","quote_spent":"5.5026","order_type":"MARKET_MOCK","iteration_id":"2025-08-29T11:33:49Z#21","filters_validated":true,"notes":""}
{"ts":"2025-08-29T11:33:49.741314787Z","exchange":"binance_spot","symbol":"ETHUSDC","side":"BUY","price":"4343.03","qty":"0.0012","quote_spent":"5.211636","order_type":"MARKET_MOCK","iteration_id":"2025-08-29T11:33:49Z#21","filters_validated":true,"notes":""}
{"ts":"2025-08-29T11:33:49.796040937Z","exchange":"binance_spot","symbol":"ADAUSDC","side":"BUY","price":"0.8238","qty":"6.1","quote_spent":"5.02518","order_type":"MARKET_MOCK","iteration_id":"2025-08-29T11:33:49Z#21","filters_validated":true,"notes":""}
{"ts":"2025-08-29T11:33:49.84888577Z","exchange":"binance_spot","symbol":"DOGEUSDC","side":"BUY","price":"0.21464","qty":"24","quote_spent":"5.15136","order_type":"MARKET_MOCK","iteration_id":"2025-08-29T11:33:49Z#21","filters_validated":true,"notes":""}
{"ts":"2025-08-29T11:33:49.899041487Z","exchange":"binance_spot","symbol":"SUIUSDC","side":"BUY","price":"3.3076","qty":"1.6","quote_spent":"5.29216","order_type":"MARKET_MOCK","iteration_id":"2025-08-29T11:33:49Z#21","filters_validated":true,"notes":""}
{"ts":"2025-08-29T11:33:49.953483124Z","exchange":"binance_spot","symbol":"SOLUSDC","side":"BUY","price":"208.02","qty":"0.025","quote_spent":"5.2005","order_type":"MARKET_MOCK","iteration_id":"2025-08-29T11:33:49Z#21","filters_validated":true,"notes":""}
{"ts":"2025-08-29T12:33:49.737743465Z","exchange":"binance_spot","symbol":"BTCUSDC","side":"BUY","price":"110862.11","qty":"0.00005","quote_spent":"5.5431055","order_type":"MARKET_MOCK","iteration_id":"2025-08-29T12:33:49Z#22","filters_validated":true,"notes":""}
{"ts":"2025-08-29T12:33:49.811722633Z","exchange":"binance_spot","symbol":"ETHUSDC","side":"BUY","price":"4416.37","qty":"0.0012","quote_spent":"5.299644","order_type":"MARKET_MOCK","iteration_id":"2025-08-29T12:33:49Z#22","filters_validated":true,"notes":""}
{"ts":"2025-08-29T12:33:49.859424441Z","exchange":"binance_spot","symbol":"ADAUSDC","side":"BUY","price":"0.8394","qty":"6","quote_spent":"5.0364","order_type":"MARKET_MOCK","iteration_id":"2025-08-29T12:33:49Z#22","filters_validated":true,"notes":""}
{"ts":"2025-08-29T12:33:49.906327115Z","exchange":"binance_spot","symbol":"DOGEUSDC","side":"BUY","price":"0.21917","qty":"23","quote_spent":"5.04091","order_type":"MARKET_MOCK","iteration_id":"2025-08-29T12:33:49Z#22","filters_validated":true,"notes":""}
{"ts":"2025-08-29T12:33:49.953364083Z","exchange":"binance_spot","symbol":"SUIUSDC","side":"BUY","price":"3.3721","qty":"1.5","quote_spent":"5.05815","order_type":"MARKET_MOCK","iteration_id":"2025-08-29T12:33:49Z#22","filters_validated":true,"notes":""}
{"ts":"2025-08-29T12:33:49.999937096Z","exchange":"binance_spot","symbol":"SOLUSDC","side":"BUY","price":"212.84","qty":"0.024","quote_spent":"5.10816","order_type":"MARKET_MOCK","iteration_id":"2025-08-29T12:33:49Z#22","filters_validated":true,"notes":""}
{"ts":"2025-08-29T13:23:36.358646474Z","exchange":"binance_spot","symbol":"BTCUSDC","side":"BUY","price":"110571.57","qty":"0.00005","quote_spent":"5.5285785","order_type":"MARKET_MOCK","iteration_id":"2025-08-29T13:23:36Z#1","filters_validated":true,"notes":""}
{"ts":"2025-08-29T13:23:36.429529623Z","exchange":"binance_spot","symbol":"ETHUSDC","side":"BUY","price":"4389.55","qty":"0.0012","quote_spent":"5.26746","order_type":"MARKET_MOCK","iteration_id":"2025-08-29T13:23:36Z#1","filters_validated":true,"notes":""}
{"ts":"2025-08-29T13:23:36.480575448Z","exchange":"binance_spot","symbol":"ADAUSDC","side":"BUY","price":"0.8354","qty":"6","quote_spent":"5.0124","order_type":"MARKET_MOCK","iteration_id":"2025-08-29T13:23:36Z#1","filters_validated":true,"notes":""}
{"ts":"2025-08-29T13:23:36.531980728Z","exchange":"binance_spot","symbol":"DOGEUSDC","side":"BUY","price":"0.21732","qty":"24","quote_spent":"5.21568","order_type":"MARKET_MOCK","iteration_id":"2025-08-29T13:23:36Z#1","filters_validated":true,"notes":""}
{"ts":"2025-08-29T13:23:36.582223385Z","exchange":"binance_spot","symbol":"SUIUSDC","side":"BUY","price":"3.3373","qty":"1.5","quote_spent":"5.00595","order_type":"MARKET_MOCK","iteration_id":"2025-08-29T13:23:36Z#1","filters_validated":true,"notes":""}
{"ts":"2025-08-29T13:23:36.631852426Z","exchange":"binance_spot","symbol":"SOLUSDC","side":"BUY","price":"210.4","qty":"0.024","quote_spent":"5.0496","order_type":"MARKET_MOCK","iteration_id":"2025-08-29T13:23:36Z#1","filters_validated":true,"notes":""}
{"ts":"2025-08-29T13:23:36.682637535Z","exchange":"binance_spot","symbol":"BNBUSDC","side":"BUY","price":"862.36","qty":"0.006","quote_spent":"5.17416","order_type":"MARKET_MOCK","iteration_id":"2025-08-29T13:23:36Z#1","filters_validated":true,"notes":""}
{"ts":"2025-08-29T14:23:36.58586343Z","exchange":"binance_spot","symbol":"BTCUSDC","side":"BUY","price":"108750.21","qty":"0.00005","quote_spent":"5.4375105","order_type":"MARKET_MOCK","iteration_id":"2025-08-29T14:23:36Z#2","filters_validated":true,"notes":""}
{"ts":"2025-08-29T14:23:36.635270246Z","exchange":"binance_spot","symbol":"ETHUSDC","side":"BUY","price":"4297.37","qty":"0.0012","quote_spent":"5.156844","order_type":"MARKET_MOCK","iteration_id":"2025-08-29T14:23:36Z#2","filters_validated":true,"notes":""}
{"ts":"2025-08-29T14:23:36.681819174Z","exchange":"binance_spot","symbol":"ADAUSDC","side":"BUY","price":"0.8295","qty":"6.1","quote_spent":"5.05995","order_type":"MARKET_MOCK","iteration_id":"2025-08-29T14:23:36Z#2","filters_validated":true,"notes":""}
{"ts":"2025-08-29T14:23:36.728733817Z","exchange":"binance_spot","symbol":"DOGEUSDC","side":"BUY","price":"0.21492","qty":"24","quote_spent":"5.15808","order_type":"MARKET_MOCK","iteration_id":"2025-08-29T14:23:36Z#2","filters_validated":true,"notes":""}
{"ts":"2025-08-29T14:23:36.77672168Z","exchange":"binance_spot","symbol":"SUIUSDC","side":"BUY","price":"3.3192","qty":"1.6","quote_spent":"5.31072","order_type":"MARKET_MOCK","iteration_id":"2025-08-29T14:23:36Z#2","filters_validated":true,"notes":""}
{"ts":"2025-08-29T14:23:36.822766025Z","exchange":"binance_spot","symbol":"SOLUSDC","side":"BUY","price":"209.46","qty":"0.024","quote_spent":"5.02704","order_type":"MARKET_MOCK","iteration_id":"2025-08-29T14:23:36Z#2","filters_validated":true,"notes":""}
{"ts":"2025-08-29T14:23:36.870038771Z","exchange":"binance_spot","symbol":"BNBUSDC","side":"BUY","price":"859.22","qty":"0.006","quote_spent":"5.15532","order_type":"MARKET_MOCK","iteration_id":"2025-08-29T14:23:36Z#2","filters_validated":true,"notes":""}
