{"ts":"2025-08-28T12:56:35.248140392Z","exchange":"binance_spot","symbol":"BTCUSDC","side":"BUY","price":"113330.12","qty":"0.00005","quote_spent":"5.666506","order_type":"MARKET_MOCK","iteration_id":"2025-08-28T12:56:35Z#1","filters_validated":true,"notes":""}
{"ts":"2025-08-28T12:56:35.293854513Z","exchange":"binance_spot","symbol":"ETHUSDC","side":"BUY","price":"4612.54","qty":"0.0011","quote_spent":"5.073794","order_type":"MARKET_MOCK","iteration_id":"2025-08-28T12:56:35Z#1","filters_validated":true,"notes":""}
{"ts":"2025-08-28T12:56:35.33633284Z","exchange":"binance_spot","symbol":"ADAUSDC","side":"BUY","price":"0.8716","qty":"5.8","quote_spent":"5.05528","order_type":"MARKET_MOCK","iteration_id":"2025-08-28T12:56:35Z#1","filters_validated":true,"notes":""}
{"ts":"2025-08-28T12:56:35.379741778Z","exchange":"binance_spot","symbol":"DOGEUSDC","side":"BUY","price":"0.22474","qty":"23","quote_spent":"5.16902","order_type":"MARKET_MOCK","iteration_id":"2025-08-28T12:56:35Z#1","filters_validated":true,"notes":""}
{"ts":"2025-08-28T12:56:35.42340639Z","exchange":"binance_spot","symbol":"SUIUSDC","side":"BUY","price":"3.5172","qty":"1.5","quote_spent":"5.2758","order_type":"MARKET_MOCK","iteration_id":"2025-08-28T12:56:35Z#1","filters_validated":true,"notes":""}
{"ts":"2025-08-28T12:56:35.468449983Z","exchange":"binance_spot","symbol":"SOLUSDC","side":"BUY","price":"213.84","qty":"0.024","quote_spent":"5.13216","order_type":"MARKET_MOCK","iteration_id":"2025-08-28T12:56:35Z#1","filters_validated":true,"notes":""}
{"ts":"2025-08-28T13:10:22.049039831Z","exchange":"binance_spot","symbol":"BTCUSDC","side":"BUY","price":"113126.64","qty":"0.00005","quote_spent":"5.656332","order_type":"MARKET_MOCK","iteration_id":"2025-08-28T13:10:22Z#1","filters_validated":true,"notes":""}
{"ts":"2025-08-28T13:10:22.09778241Z","exchange":"binance_spot","symbol":"ETHUSDC","side":"BUY","price":"4597.25","qty":"0.0011","quote_spent":"5.056975","order_type":"MARKET_MOCK","iteration_id":"2025-08-28T13:10:22Z#1","filters_validated":true,"notes":""}
{"ts":"2025-08-28T13:10:22.146538563Z","exchange":"binance_spot","symbol":"ADAUSDC","side":"BUY","price":"0.8689","qty":"5.8","quote_spent":"5.03962","order_type":"MARKET_MOCK","iteration_id":"2025-08-28T13:10:22Z#1","filters_validated":true,"notes":""}
{"ts":"2025-08-28T13:10:22.192485764Z","exchange":"binance_spot","symbol":"DOGEUSDC","side":"BUY","price":"0.22411","qty":"23","quote_spent":"5.15453","order_type":"MARKET_MOCK","iteration_id":"2025-08-28T13:10:22Z#1","filters_validated":true,"notes":""}
{"ts":"2025-08-28T13:10:22.238039121Z","exchange":"binance_spot","symbol":"SUIUSDC","side":"BUY","price":"3.5096","qty":"1.5","quote_spent":"5.2644","order_type":"MARKET_MOCK","iteration_id":"2025-08-28T13:10:22Z#1","filters_validated":true,"notes":""}
{"ts":"2025-08-28T13:10:22.285488194Z","exchange":"binance_spot","symbol":"SOLUSDC","side":"BUY","price":"213.3","qty":"0.024","quote_spent":"5.1192","order_type":"MARKET_MOCK","iteration_id":"2025-08-28T13:10:22Z#1","filters_validated":true,"notes":""}
{"ts":"2025-08-28T14:10:22.313281025Z","exchange":"binance_spot","symbol":"BTCUSDC","side":"BUY","price":"112998","qty":"0.00005","quote_spent":"5.6499","order_type":"MARKET_MOCK","iteration_id":"2025-08-28T14:10:22Z#2","filters_validated":true,"notes":""}
{"ts":"2025-08-28T14:10:22.366490231Z","exchange":"binance_spot","symbol":"ETHUSDC","side":"BUY","price":"4584.89","qty":"0.0011","quote_spent":"5.043379","order_type":"MARKET_MOCK","iteration_id":"2025-08-28T14:10:22Z#2","filters_validated":true,"notes":""}
{"ts":"2025-08-28T14:10:22.414940482Z","exchange":"binance_spot","symbol":"ADAUSDC","side":"BUY","price":"0.8715","qty":"5.8","quote_spent":"5.0547","order_type":"MARKET_MOCK","iteration_id":"2025-08-28T14:10:22Z#2","filters_validated":true,"notes":""}
{"ts":"2025-08-28T14:10:22.464168753Z","exchange":"binance_spot","symbol":"DOGEUSDC","side":"BUY","price":"0.22399","qty":"23","quote_spent":"5.15177","order_type":"MARKET_MOCK","iteration_id":"2025-08-28T14:10:22Z#2","filters_validated":true,"notes":""}
{"ts":"2025-08-28T14:10:22.512605634Z","exchange":"binance_spot","symbol":"SUIUSDC","side":"BUY","price":"3.5103","qty":"1.5","quote_spent":"5.26545","order_type":"MARKET_MOCK","iteration_id":"2025-08-28T14:10:22Z#2","filters_validated":true,"notes":""}
{"ts":"2025-08-28T14:10:22.558519344Z","exchange":"binance_spot","symbol":"SOLUSDC","side":"BUY","price":"214.36","qty":"0.024","quote_spent":"5.14464","order_type":"MARKET_MOCK","iteration_id":"2025-08-28T14:10:22Z#2","filters_validated":true,"notes":""}
{"ts":"2025-08-28T15:10:22.213509628Z","exchange":"binance_spot","symbol":"BTCUSDC","side":"BUY","price":"113053.99","qty":"0.00005","quote_spent":"5.6526995","order_type":"MARKET_MOCK","iteration_id":"2025-08-28T15:10:22Z#3","filters_validated":true,"notes":""}
{"ts":"2025-08-28T15:10:22.286029843Z","exchange":"binance_spot","symbol":"ETHUSDC","side":"BUY","price":"4557.64","qty":"0.0011","quote_spent":"5.013404","order_type":"MARKET_MOCK","iteration_id":"2025-08-28T15:10:22Z#3","filters_validated":true,"notes":""}
{"ts":"2025-08-28T15:10:22.360050859Z","exchange":"binance_spot","symbol":"ADAUSDC","side":"BUY","price":"0.8702","qty":"5.8","quote_spent":"5.04716","order_type":"MARKET_MOCK","iteration_id":"2025-08-28T15:10:22Z#3","filters_validated":true,"notes":""}
{"ts":"2025-08-28T15:10:22.410032809Z","exchange":"binance_spot","symbol":"DOGEUSDC","side":"BUY","price":"0.22427","qty":"23","quote_spent":"5.15821","order_type":"MARKET_MOCK","iteration_id":"2025-08-28T15:10:22Z#3","filters_validated":true,"notes":""}
{"ts":"2025-08-28T15:10:22.457800288Z","exchange":"binance_spot","symbol":"SUIUSDC","side":"BUY","price":"3.5076","qty":"1.5","quote_spent":"5.2614","order_type":"MARKET_MOCK","iteration_id":"2025-08-28T15:10:22Z#3","filters_validated":true,"notes":""}
{"ts":"2025-08-28T15:10:22.506886003Z","exchange":"binance_spot","symbol":"SOLUSDC","side":"BUY","price":"214.8","qty":"0.024","quote_spent":"5.1552","order_type":"MARKET_MOCK","iteration_id":"2025-08-28T15:10:22Z#3","filters_validated":true,"notes":""}
{"ts":"2025-08-28T15:33:48.627422322Z","exchange":"binance_spot","symbol":"BTCUSDC","side":"BUY","price":"112793.1","qty":"0.00005","quote_spent":"5.639655","order_type":"MARKET_MOCK","iteration_id":"2025-08-28T15:33:48Z#1","filters_validated":true,"notes":""}
{"ts":"2025-08-28T15:33:48.702129629Z","exchange":"binance_spot","symbol":"ETHUSDC","side":"BUY","price":"4529.3","qty":"0.0012","quote_spent":"5.43516","order_type":"MARKET_MOCK","iteration_id":"2025-08-28T15:33:48Z#1","filters_validated":true,"notes":""}
{"ts":"2025-08-28T15:33:48.754356733Z","exchange":"binance_spot","symbol":"ADAUSDC","side":"BUY","price":"0.8639","qty":"5.8","quote_spent":"5.01062","order_type":"MARKET_MOCK","iteration_id":"2025-08-28T15:33:48Z#1","filters_validated":true,"notes":""}
{"ts":"2025-08-28T15:33:48.805634674Z","exchange":"binance_spot","symbol":"DOGEUSDC","side":"BUY","price":"0.22274","qty":"23","quote_spent":"5.12302","order_type":"MARKET_MOCK","iteration_id":"2025-08-28T15:33:48Z#1","filters_validated":true,"notes":""}
{"ts":"2025-08-28T15:33:48.855080678Z","exchange":"binance_spot","symbol":"SUIUSDC","side":"BUY","price":"3.4866","qty":"1.5","quote_spent":"5.2299","order_type":"MARKET_MOCK","iteration_id":"2025-08-28T15:33:48Z#1","filters_validated":true,"notes":""}
{"ts":"2025-08-28T15:33:48.906376341Z","exchange":"binance_spot","symbol":"SOLUSDC","side":"BUY","price":"212.42","qty":"0.024","quote_spent":"5.09808","order_type":"MARKET_MOCK","iteration_id":"2025-08-28T15:33:48Z#1","filters_validated":true,"notes":""}
{"ts":"2025-08-28T16:33:48.786859584Z","exchange":"binance_spot","symbol":"BTCUSDC","side":"BUY","price":"112852","qty":"0.00005","quote_spent":"5.6426","order_type":"MARKET_MOCK","iteration_id":"2025-08-28T16:33:48Z#2","filters_validated":true,"notes":""}
{"ts":"2025-08-28T16:33:48.834872532Z","exchange":"binance_spot","symbol":"ETHUSDC","side":"BUY","price":"4513.53","qty":"0.0012","quote_spent":"5.416236","order_type":"MARKET_MOCK","iteration_id":"2025-08-28T16:33:48Z#2","filters_validated":true,"notes":""}
{"ts":"2025-08-28T16:33:48.882804Z","exchange":"binance_spot","symbol":"ADAUSDC","side":"BUY","price":"0.8598","qty":"5.9","quote_spent":"5.07282","order_type":"MARKET_MOCK","iteration_id":"2025-08-28T16:33:48Z#2","filters_validated":true,"notes":""}
{"ts":"2025-08-28T16:33:48.930229402Z","exchange":"binance_spot","symbol":"DOGEUSDC","side":"BUY","price":"0.22237","qty":"23","quote_spent":"5.11451","order_type":"MARKET_MOCK","iteration_id":"2025-08-28T16:33:48Z#2","filters_validated":true,"notes":""}
{"ts":"2025-08-28T16:33:48.975870238Z","exchange":"binance_spot","symbol":"SUIUSDC","side":"BUY","price":"3.4689","qty":"1.5","quote_spent":"5.20335","order_type":"MARKET_MOCK","iteration_id":"2025-08-28T16:33:48Z#2","filters_validated":true,"notes":""}
{"ts":"2025-08-28T16:33:49.023083328Z","exchange":"binance_spot","symbol":"SOLUSDC","side":"BUY","price":"212.2","qty":"0.024","quote_spent":"5.0928","order_type":"MARKET_MOCK","iteration_id":"2025-08-28T16:33:48Z#2","filters_validated":true,"notes":""}
{"ts":"2025-08-28T17:33:48.898384598Z","exchange":"binance_spot","symbol":"BTCUSDC","side":"BUY","price":"112467.98","qty":"0.00005","quote_spent":"5.623399","order_type":"MARKET_MOCK","iteration_id":"2025-08-28T17:33:48Z#3","filters_validated":true,"notes":""}
{"ts":"2025-08-28T17:33:48.950774418Z","exchange":"binance_spot","symbol":"ETHUSDC","side":"BUY","price":"4478.42","qty":"0.0012","quote_spent":"5.374104","order_type":"MARKET_MOCK","iteration_id":"2025-08-28T17:33:48Z#3","filters_validated":true,"notes":""}
{"ts":"2025-08-28T17:33:48.997210087Z","exchange":"binance_spot","symbol":"ADAUSDC","side":"BUY","price":"0.8523","qty":"5.9","quote_spent":"5.02857","order_type":"MARKET_MOCK","iteration_id":"2025-08-28T17:33:48Z#3","filters_validated":true,"notes":""}
{"ts":"2025-08-28T17:33:49.052623872Z","exchange":"binance_spot","symbol":"DOGEUSDC","side":"BUY","price":"0.22072","qty":"23","quote_spent":"5.07656","order_type":"MARKET_MOCK","iteration_id":"2025-08-28T17:33:48Z#3","filters_validated":true,"notes":""}
{"ts":"2025-08-28T17:33:49.168772328Z","exchange":"binance_spot","symbol":"SUIUSDC","side":"BUY","price":"3.4441","qty":"1.5","quote_spent":"5.16615","order_type":"MARKET_MOCK","iteration_id":"2025-08-28T17:33:48Z#3","filters_validated":true,"notes":""}
{"ts":"2025-08-28T17:33:49.211851705Z","exchange":"binance_spot","symbol":"SOLUSDC","side":"BUY","price":"209.36","qty":"0.024","quote_spent":"5.02464","order_type":"MARKET_MOCK","iteration_id":"2025-08-28T17:33:48Z#3","filters_validated":true,"notes":""}
{"ts":"2025-08-28T18:33:48.914620445Z","exchange":"binance_spot","symbol":"BTCUSDC","side":"BUY","price":"112635.06","qty":"0.00005","quote_spent":"5.631753","order_type":"MARKET_MOCK","iteration_id":"2025-08-28T18:33:48Z#4","filters_validated":true,"notes":""}
{"ts":"2025-08-28T18:33:48.960667671Z","exchange":"binance_spot","symbol":"ETHUSDC","side":"BUY","price":"4502.89","qty":"0.0012","quote_spent":"5.403468","order_type":"MARKET_MOCK","iteration_id":"2025-08-28T18:33:48Z#4","filters_validated":true,"notes":""}
{"ts":"2025-08-28T18:33:49.004915Z","exchange":"binance_spot","symbol":"ADAUSDC","side":"BUY","price":"0.8556","qty":"5.9","quote_spent":"5.04804","order_type":"MARKET_MOCK","iteration_id":"2025-08-28T18:33:48Z#4","filters_validated":true,"notes":""}
{"ts":"2025-08-28T18:33:49.050698419Z","exchange":"binance_spot","symbol":"DOGEUSDC","side":"BUY","price":"0.22272","qty":"23","quote_spent":"5.12256","order_type":"MARKET_MOCK","iteration_id":"2025-08-28T18:33:48Z#4","filters_validated":true,"notes":""}
{"ts":"2025-08-28T18:33:49.098108016Z","exchange":"binance_spot","symbol":"SUIUSDC","side":"BUY","price":"3.457","qty":"1.5","quote_spent":"5.1855","order_type":"MARKET_MOCK","iteration_id":"2025-08-28T18:33:48Z#4","filters_validated":true,"notes":""}
{"ts":"2025-08-28T18:33:49.143282618Z","exchange":"binance_spot","symbol":"SOLUSDC","side":"BUY","price":"211.46","qty":"0.024","quote_spent":"5.07504","order_type":"MARKET_MOCK","iteration_id":"2025-08-28T18:33:48Z#4","filters_validated":true,"notes":""}
{"ts":"2025-08-28T19:33:48.970526608Z","exchange":"binance_spot","symbol":"BTCUSDC","side":"BUY","price":"112282.26","qty":"0.00005","quote_spent":"5.614113","order_type":"MARKET_MOCK","iteration_id":"2025-08-28T19:33:48Z#5","filters_validated":true,"notes":""}
{"ts":"2025-08-28T19:33:49.021083115Z","exchange":"binance_spot","symbol":"ETHUSDC","side":"BUY","price":"4471","qty":"0.0012","quote_spent":"5.3652","order_type":"MARKET_MOCK","iteration_id":"2025-08-28T19:33:48Z#5","filters_validated":true,"notes":""}
{"ts":"2025-08-28T19:33:49.070813691Z","exchange":"binance_spot","symbol":"ADAUSDC","side":"BUY","price":"0.8512","qty":"5.9","quote_spent":"5.02208","order_type":"MARKET_MOCK","iteration_id":"2025-08-28T19:33:48Z#5","filters_validated":true,"notes":""}
{"ts":"2025-08-28T19:33:49.1189717Z","exchange":"binance_spot","symbol":"DOGEUSDC","side":"BUY","price":"0.22166","qty":"23","quote_spent":"5.09818","order_type":"MARKET_MOCK","iteration_id":"2025-08-28T19:33:48Z#5","filters_validated":true,"notes":""}
{"ts":"2025-08-28T19:33:49.167630849Z","exchange":"binance_spot","symbol":"SUIUSDC","side":"BUY","price":"3.444","qty":"1.5","quote_spent":"5.166","order_type":"MARKET_MOCK","iteration_id":"2025-08-28T19:33:48Z#5","filters_validated":true,"notes":""}
{"ts":"2025-08-28T19:33:49.212402617Z","exchange":"binance_spot","symbol":"SOLUSDC","side":"BUY","price":"211.54","qty":"0.024","quote_spent":"5.07696","order_type":"MARKET_MOCK","iteration_id":"2025-08-28T19:33:48Z#5","filters_validated":true,"notes":""}
{"ts":"2025-08-28T20:33:49.021178249Z","exchange":"binance_spot","symbol":"BTCUSDC","side":"BUY","price":"111962.57","qty":"0.00005","quote_spent":"5.5981285","order_type":"MARKET_MOCK","iteration_id":"2025-08-28T20:33:48Z#6","filters_validated":true,"notes":""}
{"ts":"2025-08-28T20:33:49.08366145Z","exchange":"binance_spot","symbol":"ETHUSDC","side":"BUY","price":"4455.45","qty":"0.0012","quote_spent":"5.34654","order_type":"MARKET_MOCK","iteration_id":"2025-08-28T20:33:48Z#6","filters_validated":true,"notes":""}
{"ts":"2025-08-28T20:33:49.134702742Z","exchange":"binance_spot","symbol":"ADAUSDC","side":"BUY","price":"0.8459","qty":"6","quote_spent":"5.0754","order_type":"MARKET_MOCK","iteration_id":"2025-08-28T20:33:48Z#6","filters_validated":true,"notes":""}
{"ts":"2025-08-28T20:33:49.187473395Z","exchange":"binance_spot","symbol":"DOGEUSDC","side":"BUY","price":"0.22089","qty":"23","quote_spent":"5.08047","order_type":"MARKET_MOCK","iteration_id":"2025-08-28T20:33:48Z#6","filters_validated":true,"notes":""}
{"ts":"2025-08-28T20:33:49.238896477Z","exchange":"binance_spot","symbol":"SUIUSDC","side":"BUY","price":"3.4258","qty":"1.5","quote_spent":"5.1387","order_type":"MARKET_MOCK","iteration_id":"2025-08-28T20:33:48Z#6","filters_validated":true,"notes":""}
{"ts":"2025-08-28T20:33:49.288860823Z","exchange":"binance_spot","symbol":"SOLUSDC","side":"BUY","price":"211.94","qty":"0.024","quote_spent":"5.08656","order_type":"MARKET_MOCK","iteration_id":"2025-08-28T20:33:48Z#6","filters_validated":true,"notes":""}
{"ts":"2025-08-28T21:33:49.078968399Z","exchange":"binance_spot","symbol":"BTCUSDC","side":"BUY","price":"111946","qty":"0.00005","quote_spent":"5.5973","order_type":"MARKET_MOCK","iteration_id":"2025-08-28T21:33:48Z#7","filters_validated":true,"notes":""}
{"ts":"2025-08-28T21:33:49.130062441Z","exchange":"binance_spot","symbol":"ETHUSDC","side":"BUY","price":"4480.64","qty":"0.0012","quote_spent":"5.376768","order_type":"MARKET_MOCK","iteration_id":"2025-08-28T21:33:48Z#7","filters_validated":true,"notes":""}
{"ts":"2025-08-28T21:33:49.177048354Z","exchange":"binance_spot","symbol":"ADAUSDC","side":"BUY","price":"0.8498","qty":"5.9","quote_spent":"5.01382","order_type":"MARKET_MOCK","iteration_id":"2025-08-28T21:33:48Z#7","filters_validated":true,"notes":""}
{"ts":"2025-08-28T21:33:49.223687476Z","exchange":"binance_spot","symbol":"DOGEUSDC","side":"BUY","price":"0.22171","qty":"23","quote_spent":"5.09933","order_type":"MARKET_MOCK","iteration_id":"2025-08-28T21:33:48Z#7","filters_validated":true,"notes":""}
{"ts":"2025-08-28T21:33:49.269091714Z","exchange":"binance_spot","symbol":"SUIUSDC","side":"BUY","price":"3.4461","qty":"1.5","quote_spent":"5.16915","order_type":"MARKET_MOCK","iteration_id":"2025-08-28T21:33:48Z#7","filters_validated":true,"notes":""}
{"ts":"2025-08-28T21:33:49.314265474Z","exchange":"binance_spot","symbol":"SOLUSDC","side":"BUY","price":"212.06","qty":"0.024","quote_spent":"5.08944","order_type":"MARKET_MOCK","iteration_id":"2025-08-28T21:33:48Z#7","filters_validated":true,"notes":""}
{"ts":"2025-08-28T22:33:49.148210251Z","exchange":"binance_spot","symbol":"BTCUSDC","side":"BUY","price":"112465.57","qty":"0.00005","quote_spent":"5.6232785","order_type":"MARKET_MOCK","iteration_id":"2025-08-28T22:33:48Z#8","filters_validated":true,"notes":""}
{"ts":"2025-08-28T22:33:49.219791993Z","exchange":"binance_spot","symbol":"ETHUSDC","side":"BUY","price":"4512.64","qty":"0.0012","quote_spent":"5.415168","order_type":"MARKET_MOCK","iteration_id":"2025-08-28T22:33:48Z#8","filters_validated":true,"notes":""}
{"ts":"2025-08-28T22:33:49.27501267Z","exchange":"binance_spot","symbol":"ADAUSDC","side":"BUY","price":"0.8611","qty":"5.9","quote_spent":"5.08049","order_type":"MARKET_MOCK","iteration_id":"2025-08-28T22:33:48Z#8","filters_validated":true,"notes":""}
{"ts":"2025-08-28T22:33:49.354988042Z","exchange":"binance_spot","symbol":"DOGEUSDC","side":"BUY","price":"0.2245","qty":"23","quote_spent":"5.1635","order_type":"MARKET_MOCK","iteration_id":"2025-08-28T22:33:48Z#8","filters_validated":true,"notes":""}
{"ts":"2025-08-28T22:33:49.411692448Z","exchange":"binance_spot","symbol":"SUIUSDC","side":"BUY","price":"3.499","qty":"1.5","quote_spent":"5.2485","order_type":"MARKET_MOCK","iteration_id":"2025-08-28T22:33:48Z#8","filters_validated":true,"notes":""}
{"ts":"2025-08-28T22:33:49.47863185Z","exchange":"binance_spot","symbol":"SOLUSDC","side":"BUY","price":"215.3","qty":"0.024","quote_spent":"5.1672","order_type":"MARKET_MOCK","iteration_id":"2025-08-28T22:33:48Z#8","filters_validated":true,"notes":""}
{"ts":"2025-08-28T23:33:49.122460123Z","exchange":"binance_spot","symbol":"BTCUSDC","side":"BUY","price":"112411.31","qty":"0.00005","quote_spent":"5.6205655","order_type":"MARKET_MOCK","iteration_id":"2025-08-28T23:33:48Z#9","filters_validated":true,"notes":""}
{"ts":"2025-08-28T23:33:49.172342415Z","exchange":"binance_spot","symbol":"ETHUSDC","side":"BUY","price":"4496.52","qty":"0.0012","quote_spent":"5.395824","order_type":"MARKET_MOCK","iteration_id":"2025-08-28T23:33:48Z#9","filters_validated":true,"notes":""}
{"ts":"2025-08-28T23:33:49.219899903Z","exchange":"binance_spot","symbol":"ADAUSDC","side":"BUY","price":"0.8574","qty":"5.9","quote_spent":"5.05866","order_type":"MARKET_MOCK","iteration_id":"2025-08-28T23:33:48Z#9","filters_validated":true,"notes":""}
{"ts":"2025-08-28T23:33:49.267406504Z","exchange":"binance_spot","symbol":"DOGEUSDC","side":"BUY","price":"0.22412","qty":"23","quote_spent":"5.15476","order_type":"MARKET_MOCK","iteration_id":"2025-08-28T23:33:48Z#9","filters_validated":true,"notes":""}
{"ts":"2025-08-28T23:33:49.315749457Z","exchange":"binance_spot","symbol":"SUIUSDC","side":"BUY","price":"3.4808","qty":"1.5","quote_spent":"5.2212","order_type":"MARKET_MOCK","iteration_id":"2025-08-28T23:33:48Z#9","filters_validated":true,"notes":""}
{"ts":"2025-08-28T23:33:49.359872536Z","exchange":"binance_spot","symbol":"SOLUSDC","side":"BUY","price":"214.02","qty":"0.024","quote_spent":"5.13648","order_type":"MARKET_MOCK","iteration_id":"2025-08-28T23:33:48Z#9","filters_validated":true,"notes":""}
{"ts":"2025-08-29T00:33:49.238958707Z","exchange":"binance_spot","symbol":"BTCUSDC","side":"BUY","price":"112382.01","qty":"0.00005","quote_spent":"5.6191005","order_type":"MARKET_MOCK","iteration_id":"2025-08-29T00:33:49Z#10","filters_validated":true,"notes":""}
{"ts":"2025-08-29T00:33:49.292522406Z","exchange":"binance_spot","symbol":"ETHUSDC","side":"BUY","price":"4493.13","qty":"0.0012","quote_spent":"5.391756","order_type":"MARKET_MOCK","iteration_id":"2025-08-29T00:33:49Z#10","filters_validated":true,"notes":""}
{"ts":"2025-08-29T00:33:49.348590428Z","exchange":"binance_spot","symbol":"ADAUSDC","side":"BUY","price":"0.8592","qty":"5.9","quote_spent":"5.06928","order_type":"MARKET_MOCK","iteration_id":"2025-08-29T00:33:49Z#10","filters_validated":true,"notes":""}
{"ts":"2025-08-29T00:33:49.401955185Z","exchange":"binance_spot","symbol":"DOGEUSDC","side":"BUY","price":"0.22375","qty":"23","quote_spent":"5.14625","order_type":"MARKET_MOCK","iteration_id":"2025-08-29T00:33:49Z#10","filters_validated":true,"notes":""}
{"ts":"2025-08-29T00:33:49.445991034Z","exchange":"binance_spot","symbol":"SUIUSDC","side":"BUY","price":"3.4774","qty":"1.5","quote_spent":"5.2161","order_type":"MARKET_MOCK","iteration_id":"2025-08-29T00:33:49Z#10","filters_validated":true,"notes":""}
{"ts":"2025-08-29T00:33:49.493819839Z","exchange":"binance_spot","symbol":"SOLUSDC","side":"BUY","price":"215.73","qty":"0.024","quote_spent":"5.17752","order_type":"MARKET_MOCK","iteration_id":"2025-08-29T00:33:49Z#10","filters_validated":true,"notes":""}
{"ts":"2025-08-29T01:33:49.217363956Z","exchange":"binance_spot","symbol":"BTCUSDC","side":"BUY","price":"111590.72","qty":"0.00005","quote_spent":"5.579536","order_type":"MARKET_MOCK","iteration_id":"2025-08-29T01:33:49Z#11","filters_validated":true,"notes":""}
{"ts":"2025-08-29T01:33:49.270306754Z","exchange":"binance_spot","symbol":"ETHUSDC","side":"BUY","price":"4450.82","qty":"0.0012","quote_spent":"5.340984","order_type":"MARKET_MOCK","iteration_id":"2025-08-29T01:33:49Z#11","filters_validated":true,"notes":""}
{"ts":"2025-08-29T01:33:49.32187871Z","exchange":"binance_spot","symbol":"ADAUSDC","side":"BUY","price":"0.8417","qty":"6","quote_spent":"5.0502","order_type":"MARKET_MOCK","iteration_id":"2025-08-29T01:33:49Z#11","filters_validated":true,"notes":""}
{"ts":"2025-08-29T01:33:49.372669368Z","exchange":"binance_spot","symbol":"DOGEUSDC","side":"BUY","price":"0.22029","qty":"23","quote_spent":"5.06667","order_type":"MARKET_MOCK","iteration_id":"2025-08-29T01:33:49Z#11","filters_validated":true,"notes":""}
{"ts":"2025-08-29T01:33:49.421726229Z","exchange":"binance_spot","symbol":"SUIUSDC","side":"BUY","price":"3.4273","qty":"1.5","quote_spent":"5.14095","order_type":"MARKET_MOCK","iteration_id":"2025-08-29T01:33:49Z#11","filters_validated":true,"notes":""}
{"ts":"2025-08-29T01:33:49.469227937Z","exchange":"binance_spot","symbol":"SOLUSDC","side":"BUY","price":"213.25","qty":"0.024","quote_spent":"5.118","order_type":"MARKET_MOCK","iteration_id":"2025-08-29T01:33:49Z#11","filters_validated":true,"notes":""}
{"ts":"2025-08-29T02:33:49.281396923Z","exchange":"binance_spot","symbol":"BTCUSDC","side":"BUY","price":"111589.99","qty":"0.00005","quote_spent":"5.5794995","order_type":"MARKET_MOCK","iteration_id":"2025-08-29T02:33:49Z#12","filters_validated":true,"notes":""}
{"ts":"2025-08-29T02:33:49.325833194Z","exchange":"binance_spot","symbol":"ETHUSDC","side":"BUY","price":"4475.79","qty":"0.0012","quote_spent":"5.370948","order_type":"MARKET_MOCK","iteration_id":"2025-08-29T02:33:49Z#12","filters_validated":true,"notes":""}
{"ts":"2025-08-29T02:33:49.368216061Z","exchange":"binance_spot","symbol":"ADAUSDC","side":"BUY","price":"0.85","qty":"5.9","quote_spent":"5.015","order_type":"MARKET_MOCK","iteration_id":"2025-08-29T02:33:49Z#12","filters_validated":true,"notes":""}
{"ts":"2025-08-29T02:33:49.41320934Z","exchange":"binance_spot","symbol":"DOGEUSDC","side":"BUY","price":"0.22304","qty":"23","quote_spent":"5.12992","order_type":"MARKET_MOCK","iteration_id":"2025-08-29T02:33:49Z#12","filters_validated":true,"notes":""}
{"ts":"2025-08-29T02:33:49.457032493Z","exchange":"binance_spot","symbol":"SUIUSDC","side":"BUY","price":"3.4636","qty":"1.5","quote_spent":"5.1954","order_type":"MARKET_MOCK","iteration_id":"2025-08-29T02:33:49Z#12","filters_validated":true,"notes":""}
{"ts":"2025-08-29T02:33:49.501554152Z","exchange":"binance_spot","symbol":"SOLUSDC","side":"BUY","price":"216.38","qty":"0.024","quote_spent":"5.19312","order_type":"MARKET_MOCK","iteration_id":"2025-08-29T02:33:49Z#12","filters_validated":true,"notes":""}
{"ts":"2025-08-29T03:33:49.2937773Z","exchange":"binance_spot","symbol":"BTCUSDC","side":"BUY","price":"111614.08","qty":"0.00005","quote_spent":"5.580704","order_type":"MARKET_MOCK","iteration_id":"2025-08-29T03:33:49Z#13","filters_validated":true,"notes":""}
{"ts":"2025-08-29T03:33:49.339945872Z","exchange":"binance_spot","symbol":"ETHUSDC","side":"BUY","price":"4483.59","qty":"0.0012","quote_spent":"5.380308","order_type":"MARKET_MOCK","iteration_id":"2025-08-29T03:33:49Z#13","filters_validated":true,"notes":""}
{"ts":"2025-08-29T03:33:49.388741839Z","exchange":"binance_spot","symbol":"ADAUSDC","side":"BUY","price":"0.8501","qty":"5.9","quote_spent":"5.01559","order_type":"MARKET_MOCK","iteration_id":"2025-08-29T03:33:49Z#13","filters_validated":true,"notes":""}
{"ts":"2025-08-29T03:33:49.463641387Z","exchange":"binance_spot","symbol":"DOGEUSDC","side":"BUY","price":"0.22209","qty":"23","quote_spent":"5.10807","order_type":"MARKET_MOCK","iteration_id":"2025-08-29T03:33:49Z#13","filters_validated":true,"notes":""}
{"ts":"2025-08-29T03:33:49.521215929Z","exchange":"binance_spot","symbol":"SUIUSDC","side":"BUY","price":"3.4561","qty":"1.5","quote_spent":"5.18415","order_type":"MARKET_MOCK","iteration_id":"2025-08-29T03:33:49Z#13","filters_validated":true,"notes":""}
{"ts":"2025-08-29T03:33:49.568008267Z","exchange":"binance_spot","symbol":"SOLUSDC","side":"BUY","price":"215.62","qty":"0.024","quote_spent":"5.17488","order_type":"MARKET_MOCK","iteration_id":"2025-08-29T03:33:49Z#13","filters_validated":true,"notes":""}
{"ts":"2025-08-29T04:33:49.618207938Z","exchange":"binance_spot","symbol":"BTCUSDC","side":"BUY","price":"111594","qty":"0.00005","quote_spent":"5.5797","order_type":"MARKET_MOCK","iteration_id":"2025-08-29T04:33:49Z#14","filters_validated":true,"notes":""}
{"ts":"2025-08-29T04:33:49.666551564Z","exchange":"binance_spot","symbol":"ETHUSDC","side":"BUY","price":"4489.52","qty":"0.0012","quote_spent":"5.387424","order_type":"MARKET_MOCK","iteration_id":"2025-08-29T04:33:49Z#14","filters_validated":true,"notes":""}
{"ts":"2025-08-29T04:33:49.712745675Z","exchange":"binance_spot","symbol":"ADAUSDC","side":"BUY","price":"0.8523","qty":"5.9","quote_spent":"5.02857","order_type":"MARKET_MOCK","iteration_id":"2025-08-29T04:33:49Z#14","filters_validated":true,"notes":""}
{"ts":"2025-08-29T04:33:49.760332593Z","exchange":"binance_spot","symbol":"DOGEUSDC","side":"BUY","price":"0.2222","qty":"23","quote_spent":"5.1106","order_type":"MARKET_MOCK","iteration_id":"2025-08-29T04:33:49Z#14","filters_validated":true,"notes":""}
{"ts":"2025-08-29T04:33:49.80798125Z","exchange":"binance_spot","symbol":"SUIUSDC","side":"BUY","price":"3.4582","qty":"1.5","quote_spent":"5.1873","order_type":"MARKET_MOCK","iteration_id":"2025-08-29T04:33:49Z#14","filters_validated":true,"notes":""}
{"ts":"2025-08-29T04:33:49.87329479Z","exchange":"binance_spot","symbol":"SOLUSDC","side":"BUY","price":"217.85","qty":"0.023","quote_spent":"5.01055","order_type":"MARKET_MOCK","iteration_id":"2025-08-29T04:33:49Z#14","filters_validated":true,"notes":""}
{"ts":"2025-08-29T05:33:49.424797967Z","exchange":"binance_spot","symbol":"BTCUSDC","side":"BUY","price":"111268.38","qty":"0.00005","quote_spent":"5.563419","order_type":"MARKET_MOCK","iteration_id":"2025-08-29T05:33:49Z#15","filters_validated":true,"notes":""}
{"ts":"2025-08-29T05:33:49.475578823Z","exchange":"binance_spot","symbol":"ETHUSDC","side":"BUY","price":"4472.96","qty":"0.0012","quote_spent":"5.367552","order_type":"MARKET_MOCK","iteration_id":"2025-08-29T05:33:49Z#15","filters_validated":true,"notes":""}
{"ts":"2025-08-29T05:33:49.521644693Z","exchange":"binance_spot","symbol":"ADAUSDC","side":"BUY","price":"0.845","qty":"6","quote_spent":"5.07","order_type":"MARKET_MOCK","iteration_id":"2025-08-29T05:33:49Z#15","filters_validated":true,"notes":""}
{"ts":"2025-08-29T05:33:49.570338256Z","exchange":"binance_spot","symbol":"DOGEUSDC","side":"BUY","price":"0.22048","qty":"23","quote_spent":"5.07104","order_type":"MARKET_MOCK","iteration_id":"2025-08-29T05:33:49Z#15","filters_validated":true,"notes":""}
{"ts":"2025-08-29T05:33:49.621656421Z","exchange":"binance_spot","symbol":"SUIUSDC","side":"BUY","price":"3.4317","qty":"1.5","quote_spent":"5.14755","order_type":"MARKET_MOCK","iteration_id":"2025-08-29T05:33:49Z#15","filters_validated":true,"notes":""}
{"ts":"2025-08-29T05:33:49.675085988Z","exchange":"binance_spot","symbol":"SOLUSDC","side":"BUY","price":"215.2","qty":"0.024","quote_spent":"5.1648","order_type":"MARKET_MOCK","iteration_id":"2025-08-29T05:33:49Z#15","filters_validated":true,"notes":""}
{"ts":"2025-08-29T06:33:49.551134843Z","exchange":"binance_spot","symbol":"BTCUSDC","side":"BUY","price":"111000.01","qty":"0.00005","quote_spent":"5.5500005","order_type":"MARKET_MOCK","iteration_id":"2025-08-29T06:33:49Z#16","filters_validated":true,"notes":""}
{"ts":"2025-08-29T06:33:49.596782204Z","exchange":"binance_spot","symbol":"ETHUSDC","side":"BUY","price":"4454.98","qty":"0.0012","quote_spent":"5.345976","order_type":"MARKET_MOCK","iteration_id":"2025-08-29T06:33:49Z#16","filters_validated":true,"notes":""}
{"ts":"2025-08-29T06:33:49.640603942Z","exchange":"binance_spot","symbol":"ADAUSDC","side":"BUY","price":"0.8396","qty":"6","quote_spent":"5.0376","order_type":"MARKET_MOCK","iteration_id":"2025-08-29T06:33:49Z#16","filters_validated":true,"notes":""}
{"ts":"2025-08-29T06:33:49.685465837Z","exchange":"binance_spot","symbol":"DOGEUSDC","side":"BUY","price":"0.21858","qty":"23","quote_spent":"5.02734","order_type":"MARKET_MOCK","iteration_id":"2025-08-29T06:33:49Z#16","filters_validated":true,"notes":""}
{"ts":"2025-08-29T06:33:49.72852398Z","exchange":"binance_spot","symbol":"SUIUSDC","side":"BUY","price":"3.4071","qty":"1.5","quote_spent":"5.11065","order_type":"MARKET_MOCK","iteration_id":"2025-08-29T06:33:49Z#16","filters_validated":true,"notes":""}
{"ts":"2025-08-29T06:33:49.797587078Z","exchange":"binance_spot","symbol":"SOLUSDC","side":"BUY","price":"212.95","qty":"0.024","quote_spent":"5.1108","order_type":"MARKET_MOCK","iteration_id":"2025-08-29T06:33:49Z#16","filters_validated":true,"notes":""}
{"ts":"2025-08-29T07:33:49.601986014Z","exchange":"binance_spot","symbol":"BTCUSDC","side":"BUY","price":"110287.11","qty":"0.00005","quote_spent":"5.5143555","order_type":"MARKET_MOCK","iteration_id":"2025-08-29T07:33:49Z#17","filters_validated":true,"notes":""}
{"ts":"2025-08-29T07:33:49.672431539Z","exchange":"binance_spot","symbol":"ETHUSDC","side":"BUY","price":"4396.11","qty":"0.0012","quote_spent":"5.275332","order_type":"MARKET_MOCK","iteration_id":"2025-08-29T07:33:49Z#17","filters_validated":true,"notes":""}
{"ts":"2025-08-29T07:33:49.720015242Z","exchange":"binance_spot","symbol":"ADAUSDC","side":"BUY","price":"0.8305","qty":"6.1","quote_spent":"5.06605","order_type":"MARKET_MOCK","iteration_id":"2025-08-29T07:33:49Z#17","filters_validated":true,"notes":""}
{"ts":"2025-08-29T07:33:49.768599686Z","exchange":"binance_spot","symbol":"DOGEUSDC","side":"BUY","price":"0.21571","qty":"24","quote_spent":"5.17704","order_type":"MARKET_MOCK","iteration_id":"2025-08-29T07:33:49Z#17","filters_validated":true,"notes":""}
{"ts":"2025-08-29T07:33:49.817208944Z","exchange":"binance_spot","symbol":"SUIUSDC","side":"BUY","price":"3.3701","qty":"1.5","quote_spent":"5.05515","order_type":"MARKET_MOCK","iteration_id":"2025-08-29T07:33:49Z#17","filters_validated":true,"notes":""}
{"ts":"2025-08-29T07:33:49.863647298Z","exchange":"binance_spot","symbol":"SOLUSDC","side":"BUY","price":"210.09","qty":"0.024","quote_spent":"5.04216","order_type":"MARKET_MOCK","iteration_id":"2025-08-29T07:33:49Z#17","filters_validated":true,"notes":""}
{"ts":"2025-08-29T08:33:49.627939172Z","exchange":"binance_spot","symbol":"BTCUSDC","side":"BUY","price":"110079.99","qty":"0.00005","quote_spent":"5.5039995","order_type":"MARKET_MOCK","iteration_id":"2025-08-29T08:33:49Z#18","filters_validated":true,"notes":""}
{"ts":"2025-08-29T08:33:49.688552246Z","exchange":"binance_spot","symbol":"ETHUSDC","side":"BUY","price":"4368.32","qty":"0.0012","quote_spent":"5.241984","order_type":"MARKET_MOCK","iteration_id":"2025-08-29T08:33:49Z#18","filters_validated":true,"notes":""}
{"ts":"2025-08-29T08:33:49.738616335Z","exchange":"binance_spot","symbol":"ADAUSDC","side":"BUY","price":"0.825","qty":"6.1","quote_spent":"5.0325","order_type":"MARKET_MOCK","iteration_id":"2025-08-29T08:33:49Z#18","filters_validated":true,"notes":""}
{"ts":"2025-08-29T08:33:49.790397104Z","exchange":"binance_spot","symbol":"DOGEUSDC","side":"BUY","price":"0.21408","qty":"24","quote_spent":"5.13792","order_type":"MARKET_MOCK","iteration_id":"2025-08-29T08:33:49Z#18","filters_validated":true,"notes":""}
{"ts":"2025-08-29T08:33:49.839489447Z","exchange":"binance_spot","symbol":"SUIUSDC","side":"BUY","price":"3.3456","qty":"1.5","quote_spent":"5.0184","order_type":"MARKET_MOCK","iteration_id":"2025-08-29T08:33:49Z#18","filters_validated":true,"notes":""}
{"ts":"2025-08-29T08:33:49.883930891Z","exchange":"binance_spot","symbol":"SOLUSDC","side":"BUY","price":"208.49","qty":"0.024","quote_spent":"5.00376","order_type":"MARKET_MOCK","iteration_id":"2025-08-29T08:33:49Z#18","filters_validated":true,"notes":""}
{"ts":"2025-08-29T09:33:49.690375378Z","exchange":"binance_spot","symbol":"BTCUSDC","side":"BUY","price":"109748.01","qty":"0.00005","quote_spent":"5.4874005","order_type":"MARKET_MOCK","iteration_id":"2025-08-29T09:33:49Z#19","filters_validated":true,"notes":""}
{"ts":"2025-08-29T09:33:49.765056298Z","exchange":"binance_spot","symbol":"ETHUSDC","side":"BUY","price":"4338.64","qty":"0.0012","quote_spent":"5.206368","order_type":"MARKET_MOCK","iteration_id":"2025-08-29T09:33:49Z#19","filters_validated":true,"notes":""}
{"ts":"2025-08-29T09:33:49.819703209Z","exchange":"binance_spot","symbol":"ADAUSDC","side":"BUY","price":"0.8202","qty":"6.1","quote_spent":"5.00322","order_type":"MARKET_MOCK","iteration_id":"2025-08-29T09:33:49Z#19","filters_validated":true,"notes":""}
{"ts":"2025-08-29T09:33:49.868206095Z","exchange":"binance_spot","symbol":"DOGEUSDC","side":"BUY","price":"0.21342","qty":"24","quote_spent":"5.12208","order_type":"MARKET_MOCK","iteration_id":"2025-08-29T09:33:49Z#19","filters_validated":true,"notes":""}
{"ts":"2025-08-29T09:33:49.91582124Z","exchange":"binance_spot","symbol":"SUIUSDC","side":"BUY","price":"3.3077","qty":"1.6","quote_spent":"5.29232","order_type":"MARKET_MOCK","iteration_id":"2025-08-29T09:33:49Z#19","filters_validated":true,"notes":""}
{"ts":"2025-08-29T09:33:49.964702951Z","exchange":"binance_spot","symbol":"SOLUSDC","side":"BUY","price":"207.13","qty":"0.025","quote_spent":"5.17825","order_type":"MARKET_MOCK","iteration_id":"2025-08-29T09:33:49Z#19","filters_validated":true,"notes":""}
{"ts":"2025-08-29T10:33:49.725549737Z","exchange":"binance_spot","symbol":"BTCUSDC","side":"BUY","price":"109933.49","qty":"0.00005","quote_spent":"5.4966745","order_type":"MARKET_MOCK","iteration_id":"2025-08-29T10:33:49Z#20","filters_validated":true,"notes":""}
{"ts":"2025-08-29T10:33:49.798455357Z","exchange":"binance_spot","symbol":"ETHUSDC","side":"BUY","price":"4356.77","qty":"0.0012","quote_spent":"5.228124","order_type":"MARKET_MOCK","iteration_id":"2025-08-29T10:33:49Z#20","filters_validated":true,"notes":""}
{"ts":"2025-08-29T10:33:49.85208018Z","exchange":"binance_spot","symbol":"ADAUSDC","side":"BUY","price":"0.8259","qty":"6.1","quote_spent":"5.03799","order_type":"MARKET_MOCK","iteration_id":"2025-08-29T10:33:49Z#20","filters_validated":true,"notes":""}
{"ts":"2025-08-29T10:33:49.90241252Z","exchange":"binance_spot","symbol":"DOGEUSDC","side":"BUY","price":"0.21508","qty":"24","quote_spent":"5.16192","order_type":"MARKET_MOCK","iteration_id":"2025-08-29T10:33:49Z#20","filters_validated":true,"notes":""}
{"ts":"2025-08-29T10:33:49.95294632Z","exchange":"binance_spot","symbol":"SUIUSDC","side":"BUY","price":"3.3127","qty":"1.6","quote_spent":"5.30032","order_type":"MARKET_MOCK","iteration_id":"2025-08-29T10:33:49Z#20","filters_validated":true,"notes":""}
{"ts":"2025-08-29T10:33:50.006379904Z","exchange":"binance_spot","symbol":"SOLUSDC","side":"BUY","price":"208.49","qty":"0.024","quote_spent":"5.00376","order_type":"MARKET_MOCK","iteration_id":"2025-08-29T10:33:49Z#20","filters_validated":true,"notes":""}
{"ts":"2025-08-29T11:33:49.690121608Z","exchange":"binance_spot","symbol":"BTCUSDC","side":"BUY","price":"110052","qty":"0.00005","quote_spent":"5.5026","order_type":"MARKET_MOCK","iteration_id":"2025-08-29T11:33:49Z#21","filters_validated":true,"notes":""}
{"ts":"2025-08-29T11:33:49.741314787Z","exchange":"binance_spot","symbol":"ETHUSDC","side":"BUY","price":"4343.03","qty":"0.0012","quote_spent":"5.211636","order_type":"MARKET_MOCK","iteration_id":"2025-08-29T11:33:49Z#21","filters_validated":true,"notes":""}
{"ts":"2025-08-29T11:33:49.796040937Z","exchange":"binance_spot","symbol":"ADAUSDC","side":"BUY","price":"0.8238","qty":"6.1","quote_spent":"5.02518","order_type":"MARKET_MOCK","iteration_id":"2025-08-29T11:33:49Z#21","filters_validated":true,"notes":""}
{"ts":"2025-08-29T11:33:49.84888577Z","exchange":"binance_spot","symbol":"DOGEUSDC","side":"BUY","price":"0.21464","qty":"24","quote_spent":"5.15136","order_type":"MARKET_MOCK","iteration_id":"2025-08-29T11:33:49Z#21","filters_validated":true,"notes":""}
{"ts":"2025-08-29T11:33:49.899041487Z","exchange":"binance_spot","symbol":"SUIUSDC","side":"BUY","price":"3.3076","qty":"1.6","quote_spent":"5.29216","order_type":"MARKET_MOCK","iteration_id":"2025-08-29T11:33:49Z#21","filters_validated":true,"notes":""}
{"ts":"2025-08-29T11:33:49.953483124Z","exchange":"binance_spot","symbol":"SOLUSDC","side":"BUY","price":"208.02","qty":"0.025","quote_spent":"5.2005","order_type":"MARKET_MOCK","iteration_id":"2025-08-29T11:33:49Z#21","filters_validated":true,"notes":""}
{"ts":"2025-08-29T12:33:49.737743465Z","exchange":"binance_spot","symbol":"BTCUSDC","side":"BUY","price":"110862.11","qty":"0.00005","quote_spent":"5.5431055","order_type":"MARKET_MOCK","iteration_id":"2025-08-29T12:33:49Z#22","filters_validated":true,"notes":""}
{"ts":"2025-08-29T12:33:49.811722633Z","exchange":"binance_spot","symbol":"ETHUSDC","side":"BUY","price":"4416.37","qty":"0.0012","quote_spent":"5.299644","order_type":"MARKET_MOCK","iteration_id":"2025-08-29T12:33:49Z#22","filters_validated":true,"notes":""}
{"ts":"2025-08-29T12:33:49.859424441Z","exchange":"binance_spot","symbol":"ADAUSDC","side":"BUY","price":"0.8394","qty":"6","quote_spent":"5.0364","order_type":"MARKET_MOCK","iteration_id":"2025-08-29T12:33:49Z#22","filters_validated":true,"notes":""}
{"ts":"2025-08-29T12:33:49.906327115Z","exchange":"binance_spot","symbol":"DOGEUSDC","side":"BUY","price":"0.21917","qty":"23","quote_spent":"5.04091","order_type":"MARKET_MOCK","iteration_id":"2025-08-29T12:33:49Z#22","filters_validated":true,"notes":""}
{"ts":"2025-08-29T12:33:49.953364083Z","exchange":"binance_spot","symbol":"SUIUSDC","side":"BUY","price":"3.3721","qty":"1.5","quote_spent":"5.05815","order_type":"MARKET_MOCK","iteration_id":"2025-08-29T12:33:49Z#22","filters_validated":true,"notes":""}
{"ts":"2025-08-29T12:33:49.999937096Z","exchange":"binance_spot","symbol":"SOLUSDC","side":"BUY","price":"212.84","qty":"0.024","quote_spent":"5.10816","order_type":"MARKET_MOCK","iteration_id":"2025-08-29T12:33:49Z#22","filters_validated":true,"notes":""}
{"ts":"2025-08-29T13:23:36.358646474Z","exchange":"binance_spot","symbol":"BTCUSDC","side":"BUY","price":"110571.57","qty":"0.00005","quote_spent":"5.5285785","order_type":"MARKET_MOCK","iteration_id":"2025-08-29T13:23:36Z#1","filters_validated":true,"notes":""}
{"ts":"2025-08-29T13:23:36.429529623Z","exchange":"binance_spot","symbol":"ETHUSDC","side":"BUY","price":"4389.55","qty":"0.0012","quote_spent":"5.26746","order_type":"MARKET_MOCK","iteration_id":"2025-08-29T13:23:36Z#1","filters_validated":true,"notes":""}
{"ts":"2025-08-29T13:23:36.480575448Z","exchange":"binance_spot","symbol":"ADAUSDC","side":"BUY","price":"0.8354","qty":"6","quote_spent":"5.0124","order_type":"MARKET_MOCK","iteration_id":"2025-08-29T13:23:36Z#1","filters_validated":true,"notes":""}
{"ts":"2025-08-29T13:23:36.531980728Z","exchange":"binance_spot","symbol":"DOGEUSDC","side":"BUY","price":"0.21732","qty":"24","quote_spent":"5.21568","order_type":"MARKET_MOCK","iteration_id":"2025-08-29T13:23:36Z#1","filters_validated":true,"notes":""}
{"ts":"2025-08-29T13:23:36.582223385Z","exchange":"binance_spot","symbol":"SUIUSDC","side":"BUY","price":"3.3373","qty":"1.5","quote_spent":"5.00595","order_type":"MARKET_MOCK","iteration_id":"2025-08-29T13:23:36Z#1","filters_validated":true,"notes":""}
{"ts":"2025-08-29T13:23:36.631852426Z","exchange":"binance_spot","symbol":"SOLUSDC","side":"BUY","price":"210.4","qty":"0.024","quote_spent":"5.0496","order_type":"MARKET_MOCK","iteration_id":"2025-08-29T13:23:36Z#1","filters_validated":true,"notes":""}
{"ts":"2025-08-29T13:23:36.682637535Z","exchange":"binance_spot","symbol":"BNBUSDC","side":"BUY","price":"862.36","qty":"0.006","quote_spent":"5.17416","order_type":"MARKET_MOCK","iteration_id":"2025-08-29T13:23:36Z#1","filters_validated":true,"notes":""}
{"ts":"2025-08-29T14:23:36.58586343Z","exchange":"binance_spot","symbol":"BTCUSDC","side":"BUY","price":"108750.21","qty":"0.00005","quote_spent":"5.4375105","order_type":"MARKET_MOCK","iteration_id":"2025-08-29T14:23:36Z#2","filters_validated":true,"notes":""}
{"ts":"2025-08-29T14:23:36.635270246Z","exchange":"binance_spot","symbol":"ETHUSDC","side":"BUY","price":"4297.37","qty":"0.0012","quote_spent":"5.156844","order_type":"MARKET_MOCK","iteration_id":"2025-08-29T14:23:36Z#2","filters_validated":true,"notes":""}
{"ts":"2025-08-29T14:23:36.681819174Z","exchange":"binance_spot","symbol":"ADAUSDC","side":"BUY","price":"0.8295","qty":"6.1","quote_spent":"5.05995","order_type":"MARKET_MOCK","iteration_id":"2025-08-29T14:23:36Z#2","filters_validated":true,"notes":""}
{"ts":"2025-08-29T14:23:36.728733817Z","exchange":"binance_spot","symbol":"DOGEUSDC","side":"BUY","price":"0.21492","qty":"24","quote_spent":"5.15808","order_type":"MARKET_MOCK","iteration_id":"2025-08-29T14:23:36Z#2","filters_validated":true,"notes":""}
{"ts":"2025-08-29T14:23:36.77672168Z","exchange":"binance_spot","symbol":"SUIUSDC","side":"BUY","price":"3.3192","qty":"1.6","quote_spent":"5.31072","order_type":"MARKET_MOCK","iteration_id":"2025-08-29T14:23:36Z#2","filters_validated":true,"notes":""}
{"ts":"2025-08-29T14:23:36.822766025Z","exchange":"binance_spot","symbol":"SOLUSDC","side":"BUY","price":"209.46","qty":"0.024","quote_spent":"5.02704","order_type":"MARKET_MOCK","iteration_id":"2025-08-29T14:23:36Z#2","filters_validated":true,"notes":""}
{"ts":"2025-08-29T14:23:36.870038771Z","exchange":"binance_spot","symbol":"BNBUSDC","side":"BUY","price":"859.22","qty":"0.006","quote_spent":"5.15532","order_type":"MARKET_MOCK","iteration_id":"2025-08-29T14:23:36Z#2","filters_validated":true,"notes":""}
{"ts":"2025-08-29T15:23:36.657500336Z","exchange":"binance_spot","symbol":"BTCUSDC","side":"BUY","price":"108594","qty":"0.00005","quote_spent":"5.4297","order_type":"MARKET_MOCK","iteration_id":"2025-08-29T15:23:36Z#3","filters_validated":true,"notes":""}
{"ts":"2025-08-29T15:23:36.724742305Z","exchange":"binance_spot","symbol":"ETHUSDC","side":"BUY","price":"4331.41","qty":"0.0012","quote_spent":"5.197692","order_type":"MARKET_MOCK","iteration_id":"2025-08-29T15:23:36Z#3","filters_validated":true,"notes":""}
{"ts":"2025-08-29T15:23:36.776988347Z","exchange":"binance_spot","symbol":"ADAUSDC","side":"BUY","price":"0.8319","qty":"6.1","quote_spent":"5.07459","order_type":"MARKET_MOCK","iteration_id":"2025-08-29T15:23:36Z#3","filters_validated":true,"notes":""}
{"ts":"2025-08-29T15:23:36.825700034Z","exchange":"binance_spot","symbol":"DOGEUSDC","side":"BUY","price":"0.21516","qty":"24","quote_spent":"5.16384","order_type":"MARKET_MOCK","iteration_id":"2025-08-29T15:23:36Z#3","filters_validated":true,"notes":""}
{"ts":"2025-08-29T15:23:36.872804956Z","exchange":"binance_spot","symbol":"SUIUSDC","side":"BUY","price":"3.3242","qty":"1.6","quote_spent":"5.31872","order_type":"MARKET_MOCK","iteration_id":"2025-08-29T15:23:36Z#3","filters_validated":true,"notes":""}
{"ts":"2025-08-29T15:23:36.919600347Z","exchange":"binance_spot","symbol":"SOLUSDC","side":"BUY","price":"210.32","qty":"0.024","quote_spent":"5.04768","order_type":"MARKET_MOCK","iteration_id":"2025-08-29T15:23:36Z#3","filters_validated":true,"notes":""}
{"ts":"2025-08-29T15:23:36.97065608Z","exchange":"binance_spot","symbol":"BNBUSDC","side":"BUY","price":"860.45","qty":"0.006","quote_spent":"5.1627","order_type":"MARKET_MOCK","iteration_id":"2025-08-29T15:23:36Z#3","filters_validated":true,"notes":""}
{"ts":"2025-08-29T16:23:36.779309592Z","exchange":"binance_spot","symbol":"BTCUSDC","side":"BUY","price":"108708.51","qty":"0.00005","quote_spent":"5.4354255","order_type":"MARKET_MOCK","iteration_id":"2025-08-29T16:23:36Z#4","filters_validated":true,"notes":""}
{"ts":"2025-08-29T16:23:36.845892725Z","exchange":"binance_spot","symbol":"ETHUSDC","side":"BUY","price":"4345.05","qty":"0.0012","quote_spent":"5.21406","order_type":"MARKET_MOCK","iteration_id":"2025-08-29T16:23:36Z#4","filters_validated":true,"notes":""}
{"ts":"2025-08-29T16:23:36.900330424Z","exchange":"binance_spot","symbol":"ADAUSDC","side":"BUY","price":"0.8236","qty":"6.1","quote_spent":"5.02396","order_type":"MARKET_MOCK","iteration_id":"2025-08-29T16:23:36Z#4","filters_validated":true,"notes":""}
{"ts":"2025-08-29T16:23:36.951279968Z","exchange":"binance_spot","symbol":"DOGEUSDC","side":"BUY","price":"0.21388","qty":"24","quote_spent":"5.13312","order_type":"MARKET_MOCK","iteration_id":"2025-08-29T16:23:36Z#4","filters_validated":true,"notes":""}
{"ts":"2025-08-29T16:23:37.00211694Z","exchange":"binance_spot","symbol":"SUIUSDC","side":"BUY","price":"3.308","qty":"1.6","quote_spent":"5.2928","order_type":"MARKET_MOCK","iteration_id":"2025-08-29T16:23:36Z#4","filters_validated":true,"notes":""}
{"ts":"2025-08-29T16:23:37.052994541Z","exchange":"binance_spot","symbol":"SOLUSDC","side":"BUY","price":"204.74","qty":"0.025","quote_spent":"5.1185","order_type":"MARKET_MOCK","iteration_id":"2025-08-29T16:23:36Z#4","filters_validated":true,"notes":""}
{"ts":"2025-08-29T16:23:37.103911844Z","exchange":"binance_spot","symbol":"BNBUSDC","side":"BUY","price":"859.2","qty":"0.006","quote_spent":"5.1552","order_type":"MARKET_MOCK","iteration_id":"2025-08-29T16:23:36Z#4","filters_validated":true,"notes":""}
{"ts":"2025-08-29T17:23:36.803602431Z","exchange":"binance_spot","symbol":"BTCUSDC","side":"BUY","price":"108415.99","qty":"0.00005","quote_spent":"5.4207995","order_type":"MARKET_MOCK","iteration_id":"2025-08-29T17:23:36Z#5","filters_validated":true,"notes":""}
{"ts":"2025-08-29T17:23:36.847681974Z","exchange":"binance_spot","symbol":"ETHUSDC","side":"BUY","price":"4343.9","qty":"0.0012","quote_spent":"5.21268","order_type":"MARKET_MOCK","iteration_id":"2025-08-29T17:23:36Z#5","filters_validated":true,"notes":""}
{"ts":"2025-08-29T17:23:36.896769049Z","exchange":"binance_spot","symbol":"ADAUSDC","side":"BUY","price":"0.8148","qty":"6.2","quote_spent":"5.05176","order_type":"MARKET_MOCK","iteration_id":"2025-08-29T17:23:36Z#5","filters_validated":true,"notes":""}
{"ts":"2025-08-29T17:23:36.946435525Z","exchange":"binance_spot","symbol":"DOGEUSDC","side":"BUY","price":"0.21158","qty":"24","quote_spent":"5.07792","order_type":"MARKET_MOCK","iteration_id":"2025-08-29T17:23:36Z#5","filters_validated":true,"notes":""}
{"ts":"2025-08-29T17:23:36.997012088Z","exchange":"binance_spot","symbol":"SUIUSDC","side":"BUY","price":"3.2667","qty":"1.6","quote_spent":"5.22672","order_type":"MARKET_MOCK","iteration_id":"2025-08-29T17:23:36Z#5","filters_validated":true,"notes":""}
{"ts":"2025-08-29T17:23:37.044639584Z","exchange":"binance_spot","symbol":"SOLUSDC","side":"BUY","price":"202.93","qty":"0.025","quote_spent":"5.07325","order_type":"MARKET_MOCK","iteration_id":"2025-08-29T17:23:36Z#5","filters_validated":true,"notes":""}
{"ts":"2025-08-29T17:23:37.091695957Z","exchange":"binance_spot","symbol":"BNBUSDC","side":"BUY","price":"856.05","qty":"0.006","quote_spent":"5.1363","order_type":"MARKET_MOCK","iteration_id":"2025-08-29T17:23:36Z#5","filters_validated":true,"notes":""}
{"ts":"2025-08-29T18:23:36.882273765Z","exchange":"binance_spot","symbol":"BTCUSDC","side":"BUY","price":"108300.01","qty":"0.00005","quote_spent":"5.4150005","order_type":"MARKET_MOCK","iteration_id":"2025-08-29T18:23:36Z#6","filters_validated":true,"notes":""}
{"ts":"2025-08-29T18:23:36.955520863Z","exchange":"binance_spot","symbol":"ETHUSDC","side":"BUY","price":"4324.71","qty":"0.0012","quote_spent":"5.189652","order_type":"MARKET_MOCK","iteration_id":"2025-08-29T18:23:36Z#6","filters_validated":true,"notes":""}
{"ts":"2025-08-29T18:23:36.999752985Z","exchange":"binance_spot","symbol":"ADAUSDC","side":"BUY","price":"0.8164","qty":"6.2","quote_spent":"5.06168","order_type":"MARKET_MOCK","iteration_id":"2025-08-29T18:23:36Z#6","filters_validated":true,"notes":""}
{"ts":"2025-08-29T18:23:37.043403837Z","exchange":"binance_spot","symbol":"DOGEUSDC","side":"BUY","price":"0.21102","qty":"24","quote_spent":"5.06448","order_type":"MARKET_MOCK","iteration_id":"2025-08-29T18:23:36Z#6","filters_validated":true,"notes":""}
{"ts":"2025-08-29T18:23:37.08786851Z","exchange":"binance_spot","symbol":"SUIUSDC","side":"BUY","price":"3.2404","qty":"1.6","quote_spent":"5.18464","order_type":"MARKET_MOCK","iteration_id":"2025-08-29T18:23:36Z#6","filters_validated":true,"notes":""}
{"ts":"2025-08-29T18:23:37.132817582Z","exchange":"binance_spot","symbol":"SOLUSDC","side":"BUY","price":"202.2","qty":"0.025","quote_spent":"5.055","order_type":"MARKET_MOCK","iteration_id":"2025-08-29T18:23:36Z#6","filters_validated":true,"notes":""}
{"ts":"2025-08-29T18:23:37.178094946Z","exchange":"binance_spot","symbol":"BNBUSDC","side":"BUY","price":"856.32","qty":"0.006","quote_spent":"5.13792","order_type":"MARKET_MOCK","iteration_id":"2025-08-29T18:23:36Z#6","filters_validated":true,"notes":""}
{"ts":"2025-08-29T19:23:36.873230292Z","exchange":"binance_spot","symbol":"BTCUSDC","side":"BUY","price":"108623.24","qty":"0.00005","quote_spent":"5.431162","order_type":"MARKET_MOCK","iteration_id":"2025-08-29T19:23:36Z#7","filters_validated":true,"notes":""}
{"ts":"2025-08-29T19:23:36.939090028Z","exchange":"binance_spot","symbol":"ETHUSDC","side":"BUY","price":"4354.2","qty":"0.0012","quote_spent":"5.22504","order_type":"MARKET_MOCK","iteration_id":"2025-08-29T19:23:36Z#7","filters_validated":true,"notes":""}
{"ts":"2025-08-29T19:23:36.982958372Z","exchange":"binance_spot","symbol":"ADAUSDC","side":"BUY","price":"0.8226","qty":"6.1","quote_spent":"5.01786","order_type":"MARKET_MOCK","iteration_id":"2025-08-29T19:23:36Z#7","filters_validated":true,"notes":""}
{"ts":"2025-08-29T19:23:37.027635033Z","exchange":"binance_spot","symbol":"DOGEUSDC","side":"BUY","price":"0.21254","qty":"24","quote_spent":"5.10096","order_type":"MARKET_MOCK","iteration_id":"2025-08-29T19:23:36Z#7","filters_validated":true,"notes":""}
{"ts":"2025-08-29T19:23:37.072589985Z","exchange":"binance_spot","symbol":"SUIUSDC","side":"BUY","price":"3.2601","qty":"1.6","quote_spent":"5.21616","order_type":"MARKET_MOCK","iteration_id":"2025-08-29T19:23:36Z#7","filters_validated":true,"notes":""}
{"ts":"2025-08-29T19:23:37.118297312Z","exchange":"binance_spot","symbol":"SOLUSDC","side":"BUY","price":"204.12","qty":"0.025","quote_spent":"5.103","order_type":"MARKET_MOCK","iteration_id":"2025-08-29T19:23:36Z#7","filters_validated":true,"notes":""}
{"ts":"2025-08-29T19:23:37.164353632Z","exchange":"binance_spot","symbol":"BNBUSDC","side":"BUY","price":"859.36","qty":"0.006","quote_spent":"5.15616","order_type":"MARKET_MOCK","iteration_id":"2025-08-29T19:23:36Z#7","filters_validated":true,"notes":""}
{"ts":"2025-08-29T20:23:36.905610791Z","exchange":"binance_spot","symbol":"BTCUSDC","side":"BUY","price":"107947.82","qty":"0.00005","quote_spent":"5.397391","order_type":"MARKET_MOCK","iteration_id":"2025-08-29T20:23:36Z#8","filters_validated":true,"notes":""}
{"ts":"2025-08-29T20:23:36.979047413Z","exchange":"binance_spot","symbol":"ETHUSDC","side":"BUY","price":"4340.65","qty":"0.0012","quote_spent":"5.20878","order_type":"MARKET_MOCK","iteration_id":"2025-08-29T20:23:36Z#8","filters_validated":true,"notes":""}
{"ts":"2025-08-29T20:23:37.027543043Z","exchange":"binance_spot","symbol":"ADAUSDC","side":"BUY","price":"0.8193","qty":"6.2","quote_spent":"5.07966","order_type":"MARKET_MOCK","iteration_id":"2025-08-29T20:23:36Z#8","filters_validated":true,"notes":""}
{"ts":"2025-08-29T20:23:37.071744518Z","exchange":"binance_spot","symbol":"DOGEUSDC","side":"BUY","price":"0.21211","qty":"24","quote_spent":"5.09064","order_type":"MARKET_MOCK","iteration_id":"2025-08-29T20:23:36Z#8","filters_validated":true,"notes":""}
{"ts":"2025-08-29T20:23:37.116186713Z","exchange":"binance_spot","symbol":"SUIUSDC","side":"BUY","price":"3.244","qty":"1.6","quote_spent":"5.1904","order_type":"MARKET_MOCK","iteration_id":"2025-08-29T20:23:36Z#8","filters_validated":true,"notes":""}
{"ts":"2025-08-29T20:23:37.161932781Z","exchange":"binance_spot","symbol":"SOLUSDC","side":"BUY","price":"202.36","qty":"0.025","quote_spent":"5.059","order_type":"MARKET_MOCK","iteration_id":"2025-08-29T20:23:36Z#8","filters_validated":true,"notes":""}
{"ts":"2025-08-29T20:23:37.2065359Z","exchange":"binance_spot","symbol":"BNBUSDC","side":"BUY","price":"858.29","qty":"0.006","quote_spent":"5.14974","order_type":"MARKET_MOCK","iteration_id":"2025-08-29T20:23:36Z#8","filters_validated":true,"notes":""}
{"ts":"2025-08-29T21:23:36.986808293Z","exchange":"binance_spot","symbol":"BTCUSDC","side":"BUY","price":"107798","qty":"0.00005","quote_spent":"5.3899","order_type":"MARKET_MOCK","iteration_id":"2025-08-29T21:23:36Z#9","filters_validated":true,"notes":""}
{"ts":"2025-08-29T21:23:37.063042153Z","exchange":"binance_spot","symbol":"ETHUSDC","side":"BUY","price":"4330.03","qty":"0.0012","quote_spent":"5.196036","order_type":"MARKET_MOCK","iteration_id":"2025-08-29T21:23:36Z#9","filters_validated":true,"notes":""}
{"ts":"2025-08-29T21:23:37.112923415Z","exchange":"binance_spot","symbol":"ADAUSDC","side":"BUY","price":"0.8166","qty":"6.2","quote_spent":"5.06292","order_type":"MARKET_MOCK","iteration_id":"2025-08-29T21:23:36Z#9","filters_validated":true,"notes":""}
{"ts":"2025-08-29T21:23:37.164114162Z","exchange":"binance_spot","symbol":"DOGEUSDC","side":"BUY","price":"0.21123","qty":"24","quote_spent":"5.06952","order_type":"MARKET_MOCK","iteration_id":"2025-08-29T21:23:36Z#9","filters_validated":true,"notes":""}
{"ts":"2025-08-29T21:23:37.216856302Z","exchange":"binance_spot","symbol":"SUIUSDC","side":"BUY","price":"3.2363","qty":"1.6","quote_spent":"5.17808","order_type":"MARKET_MOCK","iteration_id":"2025-08-29T21:23:36Z#9","filters_validated":true,"notes":""}
{"ts":"2025-08-29T21:23:37.265931524Z","exchange":"binance_spot","symbol":"SOLUSDC","side":"BUY","price":"201.15","qty":"0.025","quote_spent":"5.02875","order_type":"MARKET_MOCK","iteration_id":"2025-08-29T21:23:36Z#9","filters_validated":true,"notes":""}
{"ts":"2025-08-29T21:23:37.339092245Z","exchange":"binance_spot","symbol":"BNBUSDC","side":"BUY","price":"856.8","qty":"0.006","quote_spent":"5.1408","order_type":"MARKET_MOCK","iteration_id":"2025-08-29T21:23:36Z#9","filters_validated":true,"notes":""}
{"ts":"2025-08-29T22:23:37.063397166Z","exchange":"binance_spot","symbol":"BTCUSDC","side":"BUY","price":"108429.99","qty":"0.00005","quote_spent":"5.4214995","order_type":"MARKET_MOCK","iteration_id":"2025-08-29T22:23:36Z#10","filters_validated":true,"notes":""}
{"ts":"2025-08-29T22:23:37.110327809Z","exchange":"binance_spot","symbol":"ETHUSDC","side":"BUY","price":"4363.96","qty":"0.0012","quote_spent":"5.236752","order_type":"MARKET_MOCK","iteration_id":"2025-08-29T22:23:36Z#10","filters_validated":true,"notes":""}
{"ts":"2025-08-29T22:23:37.160463549Z","exchange":"binance_spot","symbol":"ADAUSDC","side":"BUY","price":"0.8216","qty":"6.1","quote_spent":"5.01176","order_type":"MARKET_MOCK","iteration_id":"2025-08-29T22:23:36Z#10","filters_validated":true,"notes":""}
{"ts":"2025-08-29T22:23:37.210860543Z","exchange":"binance_spot","symbol":"DOGEUSDC","side":"BUY","price":"0.21232","qty":"24","quote_spent":"5.09568","order_type":"MARKET_MOCK","iteration_id":"2025-08-29T22:23:36Z#10","filters_validated":true,"notes":""}
{"ts":"2025-08-29T22:23:37.259716329Z","exchange":"binance_spot","symbol":"SUIUSDC","side":"BUY","price":"3.2667","qty":"1.6","quote_spent":"5.22672","order_type":"MARKET_MOCK","iteration_id":"2025-08-29T22:23:36Z#10","filters_validated":true,"notes":""}
{"ts":"2025-08-29T22:23:37.310438149Z","exchange":"binance_spot","symbol":"SOLUSDC","side":"BUY","price":"203.24","qty":"0.025","quote_spent":"5.081","order_type":"MARKET_MOCK","iteration_id":"2025-08-29T22:23:36Z#10","filters_validated":true,"notes":""}
{"ts":"2025-08-29T22:23:37.358052685Z","exchange":"binance_spot","symbol":"BNBUSDC","side":"BUY","price":"858.34","qty":"0.006","quote_spent":"5.15004","order_type":"MARKET_MOCK","iteration_id":"2025-08-29T22:23:36Z#10","filters_validated":true,"notes":""}
{"ts":"2025-08-29T23:23:37.102866284Z","exchange":"binance_spot","symbol":"BTCUSDC","side":"BUY","price":"108526","qty":"0.00005","quote_spent":"5.4263","order_type":"MARKET_MOCK","iteration_id":"2025-08-29T23:23:36Z#11","filters_validated":true,"notes":""}
{"ts":"2025-08-29T23:23:37.167855051Z","exchange":"binance_spot","symbol":"ETHUSDC","side":"BUY","price":"4372.2","qty":"0.0012","quote_spent":"5.24664","order_type":"MARKET_MOCK","iteration_id":"2025-08-29T23:23:36Z#11","filters_validated":true,"notes":""}
{"ts":"2025-08-29T23:23:37.215631571Z","exchange":"binance_spot","symbol":"ADAUSDC","side":"BUY","price":"0.8277","qty":"6.1","quote_spent":"5.04897","order_type":"MARKET_MOCK","iteration_id":"2025-08-29T23:23:36Z#11","filters_validated":true,"notes":""}
{"ts":"2025-08-29T23:23:37.262785011Z","exchange":"binance_spot","symbol":"DOGEUSDC","side":"BUY","price":"0.21359","qty":"24","quote_spent":"5.12616","order_type":"MARKET_MOCK","iteration_id":"2025-08-29T23:23:36Z#11","filters_validated":true,"notes":""}
{"ts":"2025-08-29T23:23:37.308483737Z","exchange":"binance_spot","symbol":"SUIUSDC","side":"BUY","price":"3.2835","qty":"1.6","quote_spent":"5.2536","order_type":"MARKET_MOCK","iteration_id":"2025-08-29T23:23:36Z#11","filters_validated":true,"notes":""}
{"ts":"2025-08-29T23:23:37.358792431Z","exchange":"binance_spot","symbol":"SOLUSDC","side":"BUY","price":"205.01","qty":"0.025","quote_spent":"5.12525","order_type":"MARKET_MOCK","iteration_id":"2025-08-29T23:23:36Z#11","filters_validated":true,"notes":""}
{"ts":"2025-08-29T23:23:37.404203663Z","exchange":"binance_spot","symbol":"BNBUSDC","side":"BUY","price":"861.8","qty":"0.006","quote_spent":"5.1708","order_type":"MARKET_MOCK","iteration_id":"2025-08-29T23:23:36Z#11","filters_validated":true,"notes":""}
{"ts":"2025-08-30T00:23:37.365743672Z","exchange":"binance_spot","symbol":"BTCUSDC","side":"BUY","price":"108395.69","qty":"0.00005","quote_spent":"5.4197845","order_type":"MARKET_MOCK","iteration_id":"2025-08-30T00:23:37Z#12","filters_validated":true,"notes":""}
{"ts":"2025-08-30T00:23:37.438746309Z","exchange":"binance_spot","symbol":"ETHUSDC","side":"BUY","price":"4361.42","qty":"0.0012","quote_spent":"5.233704","order_type":"MARKET_MOCK","iteration_id":"2025-08-30T00:23:37Z#12","filters_validated":true,"notes":""}
{"ts":"2025-08-30T00:23:37.508300525Z","exchange":"binance_spot","symbol":"ADAUSDC","side":"BUY","price":"0.8282","qty":"6.1","quote_spent":"5.05202","order_type":"MARKET_MOCK","iteration_id":"2025-08-30T00:23:37Z#12","filters_validated":true,"notes":""}
{"ts":"2025-08-30T00:23:37.580844398Z","exchange":"binance_spot","symbol":"DOGEUSDC","side":"BUY","price":"0.21434","qty":"24","quote_spent":"5.14416","order_type":"MARKET_MOCK","iteration_id":"2025-08-30T00:23:37Z#12","filters_validated":true,"notes":""}
{"ts":"2025-08-30T00:23:37.645821706Z","exchange":"binance_spot","symbol":"SUIUSDC","side":"BUY","price":"3.2854","qty":"1.6","quote_spent":"5.25664","order_type":"MARKET_MOCK","iteration_id":"2025-08-30T00:23:37Z#12","filters_validated":true,"notes":""}
{"ts":"2025-08-30T00:23:37.700464419Z","exchange":"binance_spot","symbol":"SOLUSDC","side":"BUY","price":"205.04","qty":"0.025","quote_spent":"5.126","order_type":"MARKET_MOCK","iteration_id":"2025-08-30T00:23:37Z#12","filters_validated":true,"notes":""}
{"ts":"2025-08-30T00:23:37.751291443Z","exchange":"binance_spot","symbol":"BNBUSDC","side":"BUY","price":"858.8","qty":"0.006","quote_spent":"5.1528","order_type":"MARKET_MOCK","iteration_id":"2025-08-30T00:23:37Z#12","filters_validated":true,"notes":""}
{"ts":"2025-08-30T01:02:58.639935185Z","exchange":"binance_spot","symbol":"BTCUSDC","side":"BUY","price":"108315.19","qty":"0.00005","quote_spent":"5.4157595","order_type":"MARKET_MOCK","iteration_id":"2025-08-30T01:02:58Z#1","filters_validated":true,"notes":""}
{"ts":"2025-08-30T01:02:58.68747474Z","exchange":"binance_spot","symbol":"ETHUSDC","side":"BUY","price":"4342.79","qty":"0.0012","quote_spent":"5.211348","order_type":"MARKET_MOCK","iteration_id":"2025-08-30T01:02:58Z#1","filters_validated":true,"notes":""}
{"ts":"2025-08-30T01:02:58.733425318Z","exchange":"binance_spot","symbol":"ADAUSDC","side":"BUY","price":"0.8267","qty":"6.1","quote_spent":"5.04287","order_type":"MARKET_MOCK","iteration_id":"2025-08-30T01:02:58Z#1","filters_validated":true,"notes":""}
{"ts":"2025-08-30T01:02:58.780617099Z","exchange":"binance_spot","symbol":"DOGEUSDC","side":"BUY","price":"0.21426","qty":"24","quote_spent":"5.14224","order_type":"MARKET_MOCK","iteration_id":"2025-08-30T01:02:58Z#1","filters_validated":true,"notes":""}
{"ts":"2025-08-30T01:02:58.830897335Z","exchange":"binance_spot","symbol":"SUIUSDC","side":"BUY","price":"3.2685","qty":"1.6","quote_spent":"5.2296","order_type":"MARKET_MOCK","iteration_id":"2025-08-30T01:02:58Z#1","filters_validated":true,"notes":""}
{"ts":"2025-08-30T01:02:58.877521163Z","exchange":"binance_spot","symbol":"SOLUSDC","side":"BUY","price":"205.09","qty":"0.025","quote_spent":"5.12725","order_type":"MARKET_MOCK","iteration_id":"2025-08-30T01:02:58Z#1","filters_validated":true,"notes":""}
{"ts":"2025-08-30T01:02:58.923600646Z","exchange":"binance_spot","symbol":"BNBUSDC","side":"BUY","price":"860.13","qty":"0.006","quote_spent":"5.16078","order_type":"MARKET_MOCK","iteration_id":"2025-08-30T01:02:58Z#1","filters_validated":true,"notes":""}
{"ts":"2025-08-30T02:02:58.961720984Z","exchange":"binance_spot","symbol":"BTCUSDC","side":"BUY","price":"107689.57","qty":"0.00005","quote_spent":"5.3844785","order_type":"MARKET_MOCK","iteration_id":"2025-08-30T02:02:58Z#2","filters_validated":true,"notes":""}
{"ts":"2025-08-30T02:02:59.010380783Z","exchange":"binance_spot","symbol":"ETHUSDC","side":"BUY","price":"4281.01","qty":"0.0012","quote_spent":"5.137212","order_type":"MARKET_MOCK","iteration_id":"2025-08-30T02:02:58Z#2","filters_validated":true,"notes":""}
{"ts":"2025-08-30T02:02:59.057419912Z","exchange":"binance_spot","symbol":"ADAUSDC","side":"BUY","price":"0.8177","qty":"6.2","quote_spent":"5.06974","order_type":"MARKET_MOCK","iteration_id":"2025-08-30T02:02:58Z#2","filters_validated":true,"notes":""}
{"ts":"2025-08-30T02:02:59.104549391Z","exchange":"binance_spot","symbol":"DOGEUSDC","side":"BUY","price":"0.21275","qty":"24","quote_spent":"5.106","order_type":"MARKET_MOCK","iteration_id":"2025-08-30T02:02:58Z#2","filters_validated":true,"notes":""}
{"ts":"2025-08-30T02:02:59.153006232Z","exchange":"binance_spot","symbol":"SUIUSDC","side":"BUY","price":"3.2419","qty":"1.6","quote_spent":"5.18704","order_type":"MARKET_MOCK","iteration_id":"2025-08-30T02:02:58Z#2","filters_validated":true,"notes":""}
{"ts":"2025-08-30T02:02:59.201757956Z","exchange":"binance_spot","symbol":"SOLUSDC","side":"BUY","price":"201.58","qty":"0.025","quote_spent":"5.0395","order_type":"MARKET_MOCK","iteration_id":"2025-08-30T02:02:58Z#2","filters_validated":true,"notes":""}
{"ts":"2025-08-30T02:02:59.249265075Z","exchange":"binance_spot","symbol":"BNBUSDC","side":"BUY","price":"854.88","qty":"0.006","quote_spent":"5.12928","order_type":"MARKET_MOCK","iteration_id":"2025-08-30T02:02:58Z#2","filters_validated":true,"notes":""}
{"ts":"2025-08-30T03:02:58.913591671Z","exchange":"binance_spot","symbol":"BTCUSDC","side":"BUY","price":"107837.98","qty":"0.00005","quote_spent":"5.391899","order_type":"MARKET_MOCK","iteration_id":"2025-08-30T03:02:58Z#3","filters_validated":true,"notes":""}
{"ts":"2025-08-30T03:02:58.965540062Z","exchange":"binance_spot","symbol":"ETHUSDC","side":"BUY","price":"4309.67","qty":"0.0012","quote_spent":"5.171604","order_type":"MARKET_MOCK","iteration_id":"2025-08-30T03:02:58Z#3","filters_validated":true,"notes":""}
{"ts":"2025-08-30T03:02:59.011682787Z","exchange":"binance_spot","symbol":"ADAUSDC","side":"BUY","price":"0.8236","qty":"6.1","quote_spent":"5.02396","order_type":"MARKET_MOCK","iteration_id":"2025-08-30T03:02:58Z#3","filters_validated":true,"notes":""}
{"ts":"2025-08-30T03:02:59.065180194Z","exchange":"binance_spot","symbol":"DOGEUSDC","side":"BUY","price":"0.2156","qty":"24","quote_spent":"5.1744","order_type":"MARKET_MOCK","iteration_id":"2025-08-30T03:02:58Z#3","filters_validated":true,"notes":""}
{"ts":"2025-08-30T03:02:59.111571733Z","exchange":"binance_spot","symbol":"SUIUSDC","side":"BUY","price":"3.2685","qty":"1.6","quote_spent":"5.2296","order_type":"MARKET_MOCK","iteration_id":"2025-08-30T03:02:58Z#3","filters_validated":true,"notes":""}
{"ts":"2025-08-30T03:02:59.165784621Z","exchange":"binance_spot","symbol":"SOLUSDC","side":"BUY","price":"203.28","qty":"0.025","quote_spent":"5.082","order_type":"MARKET_MOCK","iteration_id":"2025-08-30T03:02:58Z#3","filters_validated":true,"notes":""}
{"ts":"2025-08-30T03:02:59.238124781Z","exchange":"binance_spot","symbol":"BNBUSDC","side":"BUY","price":"857.26","qty":"0.006","quote_spent":"5.14356","order_type":"MARKET_MOCK","iteration_id":"2025-08-30T03:02:58Z#3","filters_validated":true,"notes":""}
{"ts":"2025-08-30T04:02:58.946330586Z","exchange":"binance_spot","symbol":"BTCUSDC","side":"BUY","price":"108411.47","qty":"0.00005","quote_spent":"5.4205735","order_type":"MARKET_MOCK","iteration_id":"2025-08-30T04:02:58Z#4","filters_validated":true,"notes":""}
{"ts":"2025-08-30T04:02:59.01783416Z","exchange":"binance_spot","symbol":"ETHUSDC","side":"BUY","price":"4352.51","qty":"0.0012","quote_spent":"5.223012","order_type":"MARKET_MOCK","iteration_id":"2025-08-30T04:02:58Z#4","filters_validated":true,"notes":""}
{"ts":"2025-08-30T04:02:59.070782936Z","exchange":"binance_spot","symbol":"ADAUSDC","side":"BUY","price":"0.8354","qty":"6","quote_spent":"5.0124","order_type":"MARKET_MOCK","iteration_id":"2025-08-30T04:02:58Z#4","filters_validated":true,"notes":""}
{"ts":"2025-08-30T04:02:59.119801416Z","exchange":"binance_spot","symbol":"DOGEUSDC","side":"BUY","price":"0.21772","qty":"23","quote_spent":"5.00756","order_type":"MARKET_MOCK","iteration_id":"2025-08-30T04:02:58Z#4","filters_validated":true,"notes":""}
{"ts":"2025-08-30T04:02:59.16414423Z","exchange":"binance_spot","symbol":"SUIUSDC","side":"BUY","price":"3.3037","qty":"1.6","quote_spent":"5.28592","order_type":"MARKET_MOCK","iteration_id":"2025-08-30T04:02:58Z#4","filters_validated":true,"notes":""}
{"ts":"2025-08-30T04:02:59.209615387Z","exchange":"binance_spot","symbol":"SOLUSDC","side":"BUY","price":"205.47","qty":"0.025","quote_spent":"5.13675","order_type":"MARKET_MOCK","iteration_id":"2025-08-30T04:02:58Z#4","filters_validated":true,"notes":""}
{"ts":"2025-08-30T04:02:59.258679478Z","exchange":"binance_spot","symbol":"BNBUSDC","side":"BUY","price":"860.33","qty":"0.006","quote_spent":"5.16198","order_type":"MARKET_MOCK","iteration_id":"2025-08-30T04:02:58Z#4","filters_validated":true,"notes":""}
{"ts":"2025-08-30T05:02:59.041722893Z","exchange":"binance_spot","symbol":"BTCUSDC","side":"BUY","price":"108465.12","qty":"0.00005","quote_spent":"5.423256","order_type":"MARKET_MOCK","iteration_id":"2025-08-30T05:02:58Z#5","filters_validated":true,"notes":""}
{"ts":"2025-08-30T05:02:59.110689393Z","exchange":"binance_spot","symbol":"ETHUSDC","side":"BUY","price":"4351.83","qty":"0.0012","quote_spent":"5.222196","order_type":"MARKET_MOCK","iteration_id":"2025-08-30T05:02:58Z#5","filters_validated":true,"notes":""}
{"ts":"2025-08-30T05:02:59.157748113Z","exchange":"binance_spot","symbol":"ADAUSDC","side":"BUY","price":"0.8324","qty":"6.1","quote_spent":"5.07764","order_type":"MARKET_MOCK","iteration_id":"2025-08-30T05:02:58Z#5","filters_validated":true,"notes":""}
{"ts":"2025-08-30T05:02:59.205115235Z","exchange":"binance_spot","symbol":"DOGEUSDC","side":"BUY","price":"0.21673","qty":"24","quote_spent":"5.20152","order_type":"MARKET_MOCK","iteration_id":"2025-08-30T05:02:58Z#5","filters_validated":true,"notes":""}
{"ts":"2025-08-30T05:02:59.251144359Z","exchange":"binance_spot","symbol":"SUIUSDC","side":"BUY","price":"3.2976","qty":"1.6","quote_spent":"5.27616","order_type":"MARKET_MOCK","iteration_id":"2025-08-30T05:02:58Z#5","filters_validated":true,"notes":""}
{"ts":"2025-08-30T05:02:59.299049751Z","exchange":"binance_spot","symbol":"SOLUSDC","side":"BUY","price":"204.82","qty":"0.025","quote_spent":"5.1205","order_type":"MARKET_MOCK","iteration_id":"2025-08-30T05:02:58Z#5","filters_validated":true,"notes":""}
{"ts":"2025-08-30T05:02:59.372614575Z","exchange":"binance_spot","symbol":"BNBUSDC","side":"BUY","price":"858","qty":"0.006","quote_spent":"5.148","order_type":"MARKET_MOCK","iteration_id":"2025-08-30T05:02:58Z#5","filters_validated":true,"notes":""}
{"ts":"2025-08-30T06:02:59.19563804Z","exchange":"binance_spot","symbol":"BTCUSDC","side":"BUY","price":"108440","qty":"0.00005","quote_spent":"5.422","order_type":"MARKET_MOCK","iteration_id":"2025-08-30T06:02:59Z#6","filters_validated":true,"notes":""}
{"ts":"2025-08-30T06:02:59.242633135Z","exchange":"binance_spot","symbol":"ETHUSDC","side":"BUY","price":"4387.05","qty":"0.0012","quote_spent":"5.26446","order_type":"MARKET_MOCK","iteration_id":"2025-08-30T06:02:59Z#6","filters_validated":true,"notes":""}
{"ts":"2025-08-30T06:02:59.290367243Z","exchange":"binance_spot","symbol":"ADAUSDC","side":"BUY","price":"0.8358","qty":"6","quote_spent":"5.0148","order_type":"MARKET_MOCK","iteration_id":"2025-08-30T06:02:59Z#6","filters_validated":true,"notes":""}
{"ts":"2025-08-30T06:02:59.334536333Z","exchange":"binance_spot","symbol":"DOGEUSDC","side":"BUY","price":"0.21688","qty":"24","quote_spent":"5.20512","order_type":"MARKET_MOCK","iteration_id":"2025-08-30T06:02:59Z#6","filters_validated":true,"notes":""}
{"ts":"2025-08-30T06:02:59.379531842Z","exchange":"binance_spot","symbol":"SUIUSDC","side":"BUY","price":"3.315","qty":"1.6","quote_spent":"5.304","order_type":"MARKET_MOCK","iteration_id":"2025-08-30T06:02:59Z#6","filters_validated":true,"notes":""}
{"ts":"2025-08-30T06:02:59.427977503Z","exchange":"binance_spot","symbol":"SOLUSDC","side":"BUY","price":"206.48","qty":"0.025","quote_spent":"5.162","order_type":"MARKET_MOCK","iteration_id":"2025-08-30T06:02:59Z#6","filters_validated":true,"notes":""}
{"ts":"2025-08-30T06:02:59.475791016Z","exchange":"binance_spot","symbol":"BNBUSDC","side":"BUY","price":"859.62","qty":"0.006","quote_spent":"5.15772","order_type":"MARKET_MOCK","iteration_id":"2025-08-30T06:02:59Z#6","filters_validated":true,"notes":""}
{"ts":"2025-08-30T07:02:59.345977697Z","exchange":"binance_spot","symbol":"BTCUSDC","side":"BUY","price":"108362","qty":"0.00005","quote_spent":"5.4181","order_type":"MARKET_MOCK","iteration_id":"2025-08-30T07:02:59Z#7","filters_validated":true,"notes":""}
{"ts":"2025-08-30T07:02:59.408423462Z","exchange":"binance_spot","symbol":"ETHUSDC","side":"BUY","price":"4401.42","qty":"0.0012","quote_spent":"5.281704","order_type":"MARKET_MOCK","iteration_id":"2025-08-30T07:02:59Z#7","filters_validated":true,"notes":""}
{"ts":"2025-08-30T07:02:59.454638956Z","exchange":"binance_spot","symbol":"ADAUSDC","side":"BUY","price":"0.8362","qty":"6","quote_spent":"5.0172","order_type":"MARKET_MOCK","iteration_id":"2025-08-30T07:02:59Z#7","filters_validated":true,"notes":""}
{"ts":"2025-08-30T07:02:59.502128166Z","exchange":"binance_spot","symbol":"DOGEUSDC","side":"BUY","price":"0.21657","qty":"24","quote_spent":"5.19768","order_type":"MARKET_MOCK","iteration_id":"2025-08-30T07:02:59Z#7","filters_validated":true,"notes":""}
{"ts":"2025-08-30T07:02:59.549148588Z","exchange":"binance_spot","symbol":"SUIUSDC","side":"BUY","price":"3.3288","qty":"1.6","quote_spent":"5.32608","order_type":"MARKET_MOCK","iteration_id":"2025-08-30T07:02:59Z#7","filters_validated":true,"notes":""}
{"ts":"2025-08-30T07:02:59.598620369Z","exchange":"binance_spot","symbol":"SOLUSDC","side":"BUY","price":"205.25","qty":"0.025","quote_spent":"5.13125","order_type":"MARKET_MOCK","iteration_id":"2025-08-30T07:02:59Z#7","filters_validated":true,"notes":""}
{"ts":"2025-08-30T07:02:59.64732624Z","exchange":"binance_spot","symbol":"BNBUSDC","side":"BUY","price":"861.31","qty":"0.006","quote_spent":"5.16786","order_type":"MARKET_MOCK","iteration_id":"2025-08-30T07:02:59Z#7","filters_validated":true,"notes":""}
{"ts":"2025-08-30T08:02:59.348753775Z","exchange":"binance_spot","symbol":"BTCUSDC","side":"BUY","price":"108523.98","qty":"0.00005","quote_spent":"5.426199","order_type":"MARKET_MOCK","iteration_id":"2025-08-30T08:02:59Z#8","filters_validated":true,"notes":""}
{"ts":"2025-08-30T08:02:59.396728158Z","exchange":"binance_spot","symbol":"ETHUSDC","side":"BUY","price":"4397","qty":"0.0012","quote_spent":"5.2764","order_type":"MARKET_MOCK","iteration_id":"2025-08-30T08:02:59Z#8","filters_validated":true,"notes":""}
{"ts":"2025-08-30T08:02:59.442843392Z","exchange":"binance_spot","symbol":"ADAUSDC","side":"BUY","price":"0.8365","qty":"6","quote_spent":"5.019","order_type":"MARKET_MOCK","iteration_id":"2025-08-30T08:02:59Z#8","filters_validated":true,"notes":""}
{"ts":"2025-08-30T08:02:59.496116894Z","exchange":"binance_spot","symbol":"DOGEUSDC","side":"BUY","price":"0.21719","qty":"24","quote_spent":"5.21256","order_type":"MARKET_MOCK","iteration_id":"2025-08-30T08:02:59Z#8","filters_validated":true,"notes":""}
{"ts":"2025-08-30T08:02:59.563068741Z","exchange":"binance_spot","symbol":"SUIUSDC","side":"BUY","price":"3.3379","qty":"1.5","quote_spent":"5.00685","order_type":"MARKET_MOCK","iteration_id":"2025-08-30T08:02:59Z#8","filters_validated":true,"notes":""}
{"ts":"2025-08-30T08:02:59.611584817Z","exchange":"binance_spot","symbol":"SOLUSDC","side":"BUY","price":"204.75","qty":"0.025","quote_spent":"5.11875","order_type":"MARKET_MOCK","iteration_id":"2025-08-30T08:02:59Z#8","filters_validated":true,"notes":""}
{"ts":"2025-08-30T08:02:59.659978451Z","exchange":"binance_spot","symbol":"BNBUSDC","side":"BUY","price":"860.41","qty":"0.006","quote_spent":"5.16246","order_type":"MARKET_MOCK","iteration_id":"2025-08-30T08:02:59Z#8","filters_validated":true,"notes":""}
{"ts":"2025-08-30T09:02:59.269917959Z","exchange":"binance_spot","symbol":"BTCUSDC","side":"BUY","price":"108613.99","qty":"0.00005","quote_spent":"5.4306995","order_type":"MARKET_MOCK","iteration_id":"2025-08-30T09:02:59Z#9","filters_validated":true,"notes":""}
{"ts":"2025-08-30T09:02:59.334039032Z","exchange":"binance_spot","symbol":"ETHUSDC","side":"BUY","price":"4391.91","qty":"0.0012","quote_spent":"5.270292","order_type":"MARKET_MOCK","iteration_id":"2025-08-30T09:02:59Z#9","filters_validated":true,"notes":""}
{"ts":"2025-08-30T09:02:59.377788706Z","exchange":"binance_spot","symbol":"ADAUSDC","side":"BUY","price":"0.835","qty":"6","quote_spent":"5.01","order_type":"MARKET_MOCK","iteration_id":"2025-08-30T09:02:59Z#9","filters_validated":true,"notes":""}
{"ts":"2025-08-30T09:02:59.422438749Z","exchange":"binance_spot","symbol":"DOGEUSDC","side":"BUY","price":"0.21624","qty":"24","quote_spent":"5.18976","order_type":"MARKET_MOCK","iteration_id":"2025-08-30T09:02:59Z#9","filters_validated":true,"notes":""}
{"ts":"2025-08-30T09:02:59.465981409Z","exchange":"binance_spot","symbol":"SUIUSDC","side":"BUY","price":"3.3333","qty":"1.6","quote_spent":"5.33328","order_type":"MARKET_MOCK","iteration_id":"2025-08-30T09:02:59Z#9","filters_validated":true,"notes":""}
{"ts":"2025-08-30T09:02:59.510672765Z","exchange":"binance_spot","symbol":"SOLUSDC","side":"BUY","price":"203.25","qty":"0.025","quote_spent":"5.08125","order_type":"MARKET_MOCK","iteration_id":"2025-08-30T09:02:59Z#9","filters_validated":true,"notes":""}
{"ts":"2025-08-30T09:02:59.552848586Z","exchange":"binance_spot","symbol":"BNBUSDC","side":"BUY","price":"859.64","qty":"0.006","quote_spent":"5.15784","order_type":"MARKET_MOCK","iteration_id":"2025-08-30T09:02:59Z#9","filters_validated":true,"notes":""}
{"ts":"2025-08-30T09:05:52.137848318Z","exchange":"binance_spot","symbol":"BTCUSDC","side":"BUY","price":"108613.98","qty":"0.00005","quote_spent":"5.430699","order_type":"MARKET_MOCK","iteration_id":"2025-08-30T09:05:52Z#1","filters_validated":true,"notes":""}
{"ts":"2025-08-30T09:05:52.216008651Z","exchange":"binance_spot","symbol":"ETHUSDC","side":"BUY","price":"4393.46","qty":"0.0012","quote_spent":"5.272152","order_type":"MARKET_MOCK","iteration_id":"2025-08-30T09:05:52Z#1","filters_validated":true,"notes":""}
{"ts":"2025-08-30T09:05:52.287808169Z","exchange":"binance_spot","symbol":"ADAUSDC","side":"BUY","price":"0.8347","qty":"6","quote_spent":"5.0082","order_type":"MARKET_MOCK","iteration_id":"2025-08-30T09:05:52Z#1","filters_validated":true,"notes":""}
{"ts":"2025-08-30T09:05:52.37568978Z","exchange":"binance_spot","symbol":"DOGEUSDC","side":"BUY","price":"0.21639","qty":"24","quote_spent":"5.19336","order_type":"MARKET_MOCK","iteration_id":"2025-08-30T09:05:52Z#1","filters_validated":true,"notes":""}
{"ts":"2025-08-30T09:05:52.480842077Z","exchange":"binance_spot","symbol":"SUIUSDC","side":"BUY","price":"3.3362","qty":"1.5","quote_spent":"5.0043","order_type":"MARKET_MOCK","iteration_id":"2025-08-30T09:05:52Z#1","filters_validated":true,"notes":""}
{"ts":"2025-08-30T09:05:52.563793651Z","exchange":"binance_spot","symbol":"SOLUSDC","side":"BUY","price":"203.14","qty":"0.025","quote_spent":"5.0785","order_type":"MARKET_MOCK","iteration_id":"2025-08-30T09:05:52Z#1","filters_validated":true,"notes":""}
{"ts":"2025-08-30T09:05:52.632890077Z","exchange":"binance_spot","symbol":"BNBUSDC","side":"BUY","price":"859.72","qty":"0.006","quote_spent":"5.15832","order_type":"MARKET_MOCK","iteration_id":"2025-08-30T09:05:52Z#1","filters_validated":true,"notes":""}
{"ts":"2025-08-30T10:05:52.352215064Z","exchange":"binance_spot","symbol":"BTCUSDC","side":"BUY","price":"108548","qty":"0.00005","quote_spent":"5.4274","order_type":"MARKET_MOCK","iteration_id":"2025-08-30T10:05:52Z#2","filters_validated":true,"notes":""}
{"ts":"2025-08-30T10:05:52.397877309Z","exchange":"binance_spot","symbol":"ETHUSDC","side":"BUY","price":"4396.2","qty":"0.0012","quote_spent":"5.27544","order_type":"MARKET_MOCK","iteration_id":"2025-08-30T10:05:52Z#2","filters_validated":true,"notes":""}
{"ts":"2025-08-30T10:05:52.443695312Z","exchange":"binance_spot","symbol":"ADAUSDC","side":"BUY","price":"0.8316","qty":"6.1","quote_spent":"5.07276","order_type":"MARKET_MOCK","iteration_id":"2025-08-30T10:05:52Z#2","filters_validated":true,"notes":""}
{"ts":"2025-08-30T10:05:52.487632972Z","exchange":"binance_spot","symbol":"DOGEUSDC","side":"BUY","price":"0.21578","qty":"24","quote_spent":"5.17872","order_type":"MARKET_MOCK","iteration_id":"2025-08-30T10:05:52Z#2","filters_validated":true,"notes":""}
{"ts":"2025-08-30T10:05:52.53299137Z","exchange":"binance_spot","symbol":"SUIUSDC","side":"BUY","price":"3.3282","qty":"1.6","quote_spent":"5.32512","order_type":"MARKET_MOCK","iteration_id":"2025-08-30T10:05:52Z#2","filters_validated":true,"notes":""}
{"ts":"2025-08-30T10:05:52.596653218Z","exchange":"binance_spot","symbol":"SOLUSDC","side":"BUY","price":"202.64","qty":"0.025","quote_spent":"5.066","order_type":"MARKET_MOCK","iteration_id":"2025-08-30T10:05:52Z#2","filters_validated":true,"notes":""}
{"ts":"2025-08-30T10:05:52.643008138Z","exchange":"binance_spot","symbol":"BNBUSDC","side":"BUY","price":"859.5","qty":"0.006","quote_spent":"5.157","order_type":"MARKET_MOCK","iteration_id":"2025-08-30T10:05:52Z#2","filters_validated":true,"notes":""}
{"ts":"2025-08-30T11:05:52.322171807Z","exchange":"binance_spot","symbol":"BTCUSDC","side":"BUY","price":"108446.01","qty":"0.00005","quote_spent":"5.4223005","order_type":"MARKET_MOCK","iteration_id":"2025-08-30T11:05:52Z#3","filters_validated":true,"notes":""}
{"ts":"2025-08-30T11:05:52.384013225Z","exchange":"binance_spot","symbol":"ETHUSDC","side":"BUY","price":"4389.43","qty":"0.0012","quote_spent":"5.267316","order_type":"MARKET_MOCK","iteration_id":"2025-08-30T11:05:52Z#3","filters_validated":true,"notes":""}
{"ts":"2025-08-30T11:05:52.432480603Z","exchange":"binance_spot","symbol":"ADAUSDC","side":"BUY","price":"0.8283","qty":"6.1","quote_spent":"5.05263","order_type":"MARKET_MOCK","iteration_id":"2025-08-30T11:05:52Z#3","filters_validated":true,"notes":""}
{"ts":"2025-08-30T11:05:52.482213551Z","exchange":"binance_spot","symbol":"DOGEUSDC","side":"BUY","price":"0.21533","qty":"24","quote_spent":"5.16792","order_type":"MARKET_MOCK","iteration_id":"2025-08-30T11:05:52Z#3","filters_validated":true,"notes":""}
{"ts":"2025-08-30T11:05:52.531319511Z","exchange":"binance_spot","symbol":"SUIUSDC","side":"BUY","price":"3.3157","qty":"1.6","quote_spent":"5.30512","order_type":"MARKET_MOCK","iteration_id":"2025-08-30T11:05:52Z#3","filters_validated":true,"notes":""}
{"ts":"2025-08-30T11:05:52.584852558Z","exchange":"binance_spot","symbol":"SOLUSDC","side":"BUY","price":"202.46","qty":"0.025","quote_spent":"5.0615","order_type":"MARKET_MOCK","iteration_id":"2025-08-30T11:05:52Z#3","filters_validated":true,"notes":""}
{"ts":"2025-08-30T11:05:52.653726147Z","exchange":"binance_spot","symbol":"BNBUSDC","side":"BUY","price":"860.29","qty":"0.006","quote_spent":"5.16174","order_type":"MARKET_MOCK","iteration_id":"2025-08-30T11:05:52Z#3","filters_validated":true,"notes":""}
{"ts":"2025-08-30T11:58:40.594872669Z","exchange":"binance_spot","symbol":"BTCUSDC","side":"BUY","price":"108729.99","qty":"0.00005","quote_spent":"5.4364995","order_type":"MARKET_MOCK","iteration_id":"2025-08-30T11:35:00Z#1","filters_validated":true,"notes":""}
{"ts":"2025-08-30T11:58:40.642670583Z","exchange":"binance_spot","symbol":"ETHUSDC","side":"BUY","price":"4391.91","qty":"0.0012","quote_spent":"5.270292","order_type":"MARKET_MOCK","iteration_id":"2025-08-30T11:35:00Z#1","filters_validated":true,"notes":""}
{"ts":"2025-08-30T11:58:40.691074485Z","exchange":"binance_spot","symbol":"ADAUSDC","side":"BUY","price":"0.8275","qty":"6.1","quote_spent":"5.04775","order_type":"MARKET_MOCK","iteration_id":"2025-08-30T11:35:00Z#1","filters_validated":true,"notes":""}
{"ts":"2025-08-30T11:58:40.741198022Z","exchange":"binance_spot","symbol":"DOGEUSDC","side":"BUY","price":"0.21589","qty":"24","quote_spent":"5.18136","order_type":"MARKET_MOCK","iteration_id":"2025-08-30T11:35:00Z#1","filters_validated":true,"notes":""}
{"ts":"2025-08-30T11:58:40.790591109Z","exchange":"binance_spot","symbol":"SUIUSDC","side":"BUY","price":"3.32","qty":"1.6","quote_spent":"5.312","order_type":"MARKET_MOCK","iteration_id":"2025-08-30T11:35:00Z#1","filters_validated":true,"notes":""}
{"ts":"2025-08-30T11:58:40.838047733Z","exchange":"binance_spot","symbol":"SOLUSDC","side":"BUY","price":"202.66","qty":"0.025","quote_spent":"5.0665","order_type":"MARKET_MOCK","iteration_id":"2025-08-30T11:35:00Z#1","filters_validated":true,"notes":""}
{"ts":"2025-08-30T11:58:40.885629205Z","exchange":"binance_spot","symbol":"BNBUSDC","side":"BUY","price":"860.53","qty":"0.006","quote_spent":"5.16318","order_type":"MARKET_MOCK","iteration_id":"2025-08-30T11:35:00Z#1","filters_validated":true,"notes":""}
{"ts":"2025-08-30T12:05:52.414214292Z","exchange":"binance_spot","symbol":"BTCUSDC","side":"BUY","price":"108487.18","qty":"0.00005","quote_spent":"5.424359","order_type":"MARKET_MOCK","iteration_id":"2025-08-30T12:05:52Z#4","filters_validated":true,"notes":""}
{"ts":"2025-08-30T12:05:52.461798213Z","exchange":"binance_spot","symbol":"ETHUSDC","side":"BUY","price":"4382.13","qty":"0.0012","quote_spent":"5.258556","order_type":"MARKET_MOCK","iteration_id":"2025-08-30T12:05:52Z#4","filters_validated":true,"notes":""}
{"ts":"2025-08-30T12:05:52.509861773Z","exchange":"binance_spot","symbol":"ADAUSDC","side":"BUY","price":"0.8249","qty":"6.1","quote_spent":"5.03189","order_type":"MARKET_MOCK","iteration_id":"2025-08-30T12:05:52Z#4","filters_validated":true,"notes":""}
{"ts":"2025-08-30T12:05:52.556621209Z","exchange":"binance_spot","symbol":"DOGEUSDC","side":"BUY","price":"0.2157","qty":"24","quote_spent":"5.1768","order_type":"MARKET_MOCK","iteration_id":"2025-08-30T12:05:52Z#4","filters_validated":true,"notes":""}
{"ts":"2025-08-30T12:05:52.605857081Z","exchange":"binance_spot","symbol":"SUIUSDC","side":"BUY","price":"3.3158","qty":"1.6","quote_spent":"5.30528","order_type":"MARKET_MOCK","iteration_id":"2025-08-30T12:05:52Z#4","filters_validated":true,"notes":""}
{"ts":"2025-08-30T12:05:52.654674127Z","exchange":"binance_spot","symbol":"SOLUSDC","side":"BUY","price":"202.21","qty":"0.025","quote_spent":"5.05525","order_type":"MARKET_MOCK","iteration_id":"2025-08-30T12:05:52Z#4","filters_validated":true,"notes":""}
{"ts":"2025-08-30T12:05:52.703336213Z","exchange":"binance_spot","symbol":"BNBUSDC","side":"BUY","price":"859.96","qty":"0.006","quote_spent":"5.15976","order_type":"MARKET_MOCK","iteration_id":"2025-08-30T12:05:52Z#4","filters_validated":true,"notes":""}
{"ts":"2025-08-30T12:35:00.247798402Z","exchange":"binance_spot","symbol":"BTCUSDC","side":"BUY","price":"108478.27","qty":"0.00005","quote_spent":"5.4239135","order_type":"MARKET_MOCK","iteration_id":"2025-08-30T12:35:00Z#1","filters_validated":true,"notes":""}
{"ts":"2025-08-30T12:35:00.297782297Z","exchange":"binance_spot","symbol":"ETHUSDC","side":"BUY","price":"4364.91","qty":"0.0012","quote_spent":"5.237892","order_type":"MARKET_MOCK","iteration_id":"2025-08-30T12:35:00Z#1","filters_validated":true,"notes":""}
{"ts":"2025-08-30T12:35:00.345435634Z","exchange":"binance_spot","symbol":"ADAUSDC","side":"BUY","price":"0.814","qty":"6.2","quote_spent":"5.0468","order_type":"MARKET_MOCK","iteration_id":"2025-08-30T12:35:00Z#1","filters_validated":true,"notes":""}
{"ts":"2025-08-30T12:35:00.394071946Z","exchange":"binance_spot","symbol":"DOGEUSDC","side":"BUY","price":"0.21456","qty":"24","quote_spent":"5.14944","order_type":"MARKET_MOCK","iteration_id":"2025-08-30T12:35:00Z#1","filters_validated":true,"notes":""}
{"ts":"2025-08-30T12:35:00.443919935Z","exchange":"binance_spot","symbol":"SUIUSDC","side":"BUY","price":"3.2952","qty":"1.6","quote_spent":"5.27232","order_type":"MARKET_MOCK","iteration_id":"2025-08-30T12:35:00Z#1","filters_validated":true,"notes":""}
{"ts":"2025-08-30T12:35:00.494110014Z","exchange":"binance_spot","symbol":"SOLUSDC","side":"BUY","price":"200.4","qty":"0.025","quote_spent":"5.01","order_type":"MARKET_MOCK","iteration_id":"2025-08-30T12:35:00Z#1","filters_validated":true,"notes":""}
{"ts":"2025-08-30T12:35:00.546707039Z","exchange":"binance_spot","symbol":"BNBUSDC","side":"BUY","price":"855.84","qty":"0.006","quote_spent":"5.13504","order_type":"MARKET_MOCK","iteration_id":"2025-08-30T12:35:00Z#1","filters_validated":true,"notes":""}
{"ts":"2025-08-30T13:35:00.30755676Z","exchange":"binance_spot","symbol":"BTCUSDC","side":"BUY","price":"108517.98","qty":"0.00005","quote_spent":"5.425899","order_type":"MARKET_MOCK","iteration_id":"2025-08-30T13:35:00Z#2","filters_validated":true,"notes":""}
{"ts":"2025-08-30T13:35:00.358198989Z","exchange":"binance_spot","symbol":"ETHUSDC","side":"BUY","price":"4358.71","qty":"0.0012","quote_spent":"5.230452","order_type":"MARKET_MOCK","iteration_id":"2025-08-30T13:35:00Z#2","filters_validated":true,"notes":""}
{"ts":"2025-08-30T13:35:00.408891901Z","exchange":"binance_spot","symbol":"ADAUSDC","side":"BUY","price":"0.8132","qty":"6.2","quote_spent":"5.04184","order_type":"MARKET_MOCK","iteration_id":"2025-08-30T13:35:00Z#2","filters_validated":true,"notes":""}
{"ts":"2025-08-30T13:35:00.477104638Z","exchange":"binance_spot","symbol":"DOGEUSDC","side":"BUY","price":"0.21477","qty":"24","quote_spent":"5.15448","order_type":"MARKET_MOCK","iteration_id":"2025-08-30T13:35:00Z#2","filters_validated":true,"notes":""}
{"ts":"2025-08-30T13:35:00.531260083Z","exchange":"binance_spot","symbol":"SUIUSDC","side":"BUY","price":"3.2716","qty":"1.6","quote_spent":"5.23456","order_type":"MARKET_MOCK","iteration_id":"2025-08-30T13:35:00Z#2","filters_validated":true,"notes":""}
{"ts":"2025-08-30T13:35:00.599930645Z","exchange":"binance_spot","symbol":"SOLUSDC","side":"BUY","price":"198.9","qty":"0.026","quote_spent":"5.1714","order_type":"MARKET_MOCK","iteration_id":"2025-08-30T13:35:00Z#2","filters_validated":true,"notes":""}
{"ts":"2025-08-30T13:35:01.711908168Z","exchange":"binance_spot","symbol":"BNBUSDC","side":"BUY","price":"853.6","qty":"0.006","quote_spent":"5.1216","order_type":"MARKET_MOCK","iteration_id":"2025-08-30T13:35:00Z#2","filters_validated":true,"notes":""}
{"ts":"2025-08-30T14:35:00.128445825Z","exchange":"binance_spot","symbol":"BTCUSDC","side":"BUY","price":"108572.02","qty":"0.00005","quote_spent":"5.428601","order_type":"MARKET_MOCK","iteration_id":"2025-08-30T14:35:00Z#3","filters_validated":true,"notes":""}
{"ts":"2025-08-30T14:35:00.194259969Z","exchange":"binance_spot","symbol":"ETHUSDC","side":"BUY","price":"4351.59","qty":"0.0012","quote_spent":"5.221908","order_type":"MARKET_MOCK","iteration_id":"2025-08-30T14:35:00Z#3","filters_validated":true,"notes":""}
{"ts":"2025-08-30T14:35:00.239982162Z","exchange":"binance_spot","symbol":"ADAUSDC","side":"BUY","price":"0.8113","qty":"6.2","quote_spent":"5.03006","order_type":"MARKET_MOCK","iteration_id":"2025-08-30T14:35:00Z#3","filters_validated":true,"notes":""}
{"ts":"2025-08-30T14:35:00.284878611Z","exchange":"binance_spot","symbol":"DOGEUSDC","side":"BUY","price":"0.21465","qty":"24","quote_spent":"5.1516","order_type":"MARKET_MOCK","iteration_id":"2025-08-30T14:35:00Z#3","filters_validated":true,"notes":""}
{"ts":"2025-08-30T14:35:00.33093215Z","exchange":"binance_spot","symbol":"SUIUSDC","side":"BUY","price":"3.2574","qty":"1.6","quote_spent":"5.21184","order_type":"MARKET_MOCK","iteration_id":"2025-08-30T14:35:00Z#3","filters_validated":true,"notes":""}
{"ts":"2025-08-30T14:35:00.377365665Z","exchange":"binance_spot","symbol":"SOLUSDC","side":"BUY","price":"199.28","qty":"0.026","quote_spent":"5.18128","order_type":"MARKET_MOCK","iteration_id":"2025-08-30T14:35:00Z#3","filters_validated":true,"notes":""}
{"ts":"2025-08-30T14:35:00.425476595Z","exchange":"binance_spot","symbol":"BNBUSDC","side":"BUY","price":"855.07","qty":"0.006","quote_spent":"5.13042","order_type":"MARKET_MOCK","iteration_id":"2025-08-30T14:35:00Z#3","filters_validated":true,"notes":""}
{"ts":"2025-08-30T15:35:00.264271064Z","exchange":"binance_spot","symbol":"BTCUSDC","side":"BUY","price":"108717.98","qty":"0.00005","quote_spent":"5.435899","order_type":"MARKET_MOCK","iteration_id":"2025-08-30T15:35:00Z#4","filters_validated":true,"notes":""}
{"ts":"2025-08-30T15:35:00.332481429Z","exchange":"binance_spot","symbol":"ETHUSDC","side":"BUY","price":"4372.74","qty":"0.0012","quote_spent":"5.247288","order_type":"MARKET_MOCK","iteration_id":"2025-08-30T15:35:00Z#4","filters_validated":true,"notes":""}
{"ts":"2025-08-30T15:35:00.381451952Z","exchange":"binance_spot","symbol":"ADAUSDC","side":"BUY","price":"0.8201","qty":"6.1","quote_spent":"5.00261","order_type":"MARKET_MOCK","iteration_id":"2025-08-30T15:35:00Z#4","filters_validated":true,"notes":""}
{"ts":"2025-08-30T15:35:00.431005742Z","exchange":"binance_spot","symbol":"DOGEUSDC","side":"BUY","price":"0.21584","qty":"24","quote_spent":"5.18016","order_type":"MARKET_MOCK","iteration_id":"2025-08-30T15:35:00Z#4","filters_validated":true,"notes":""}
{"ts":"2025-08-30T15:35:00.485079355Z","exchange":"binance_spot","symbol":"SUIUSDC","side":"BUY","price":"3.2988","qty":"1.6","quote_spent":"5.27808","order_type":"MARKET_MOCK","iteration_id":"2025-08-30T15:35:00Z#4","filters_validated":true,"notes":""}
{"ts":"2025-08-30T15:35:00.545854434Z","exchange":"binance_spot","symbol":"SOLUSDC","side":"BUY","price":"200.07","qty":"0.025","quote_spent":"5.00175","order_type":"MARKET_MOCK","iteration_id":"2025-08-30T15:35:00Z#4","filters_validated":true,"notes":""}
{"ts":"2025-08-30T15:35:00.592516556Z","exchange":"binance_spot","symbol":"BNBUSDC","side":"BUY","price":"858.2","qty":"0.006","quote_spent":"5.1492","order_type":"MARKET_MOCK","iteration_id":"2025-08-30T15:35:00Z#4","filters_validated":true,"notes":""}
{"ts":"2025-08-30T16:35:00.235791243Z","exchange":"binance_spot","symbol":"BTCUSDC","side":"BUY","price":"108707.83","qty":"0.00005","quote_spent":"5.4353915","order_type":"MARKET_MOCK","iteration_id":"2025-08-30T16:35:00Z#5","filters_validated":true,"notes":""}
{"ts":"2025-08-30T16:35:00.2814658Z","exchange":"binance_spot","symbol":"ETHUSDC","side":"BUY","price":"4360.9","qty":"0.0012","quote_spent":"5.23308","order_type":"MARKET_MOCK","iteration_id":"2025-08-30T16:35:00Z#5","filters_validated":true,"notes":""}
{"ts":"2025-08-30T16:35:00.327925469Z","exchange":"binance_spot","symbol":"ADAUSDC","side":"BUY","price":"0.821","qty":"6.1","quote_spent":"5.0081","order_type":"MARKET_MOCK","iteration_id":"2025-08-30T16:35:00Z#5","filters_validated":true,"notes":""}
{"ts":"2025-08-30T16:35:00.372799248Z","exchange":"binance_spot","symbol":"DOGEUSDC","side":"BUY","price":"0.21515","qty":"24","quote_spent":"5.1636","order_type":"MARKET_MOCK","iteration_id":"2025-08-30T16:35:00Z#5","filters_validated":true,"notes":""}
{"ts":"2025-08-30T16:35:00.420252523Z","exchange":"binance_spot","symbol":"SUIUSDC","side":"BUY","price":"3.2953","qty":"1.6","quote_spent":"5.27248","order_type":"MARKET_MOCK","iteration_id":"2025-08-30T16:35:00Z#5","filters_validated":true,"notes":""}
{"ts":"2025-08-30T16:35:00.46616426Z","exchange":"binance_spot","symbol":"SOLUSDC","side":"BUY","price":"200.27","qty":"0.025","quote_spent":"5.00675","order_type":"MARKET_MOCK","iteration_id":"2025-08-30T16:35:00Z#5","filters_validated":true,"notes":""}
{"ts":"2025-08-30T16:35:00.513327412Z","exchange":"binance_spot","symbol":"BNBUSDC","side":"BUY","price":"857.4","qty":"0.006","quote_spent":"5.1444","order_type":"MARKET_MOCK","iteration_id":"2025-08-30T16:35:00Z#5","filters_validated":true,"notes":""}
{"ts":"2025-08-30T17:35:00.264330888Z","exchange":"binance_spot","symbol":"BTCUSDC","side":"BUY","price":"108854","qty":"0.00005","quote_spent":"5.4427","order_type":"MARKET_MOCK","iteration_id":"2025-08-30T17:35:00Z#6","filters_validated":true,"notes":""}
{"ts":"2025-08-30T17:35:00.316814645Z","exchange":"binance_spot","symbol":"ETHUSDC","side":"BUY","price":"4363.8","qty":"0.0012","quote_spent":"5.23656","order_type":"MARKET_MOCK","iteration_id":"2025-08-30T17:35:00Z#6","filters_validated":true,"notes":""}
{"ts":"2025-08-30T17:35:00.363530371Z","exchange":"binance_spot","symbol":"ADAUSDC","side":"BUY","price":"0.819","qty":"6.2","quote_spent":"5.0778","order_type":"MARKET_MOCK","iteration_id":"2025-08-30T17:35:00Z#6","filters_validated":true,"notes":""}
{"ts":"2025-08-30T17:35:00.409629421Z","exchange":"binance_spot","symbol":"DOGEUSDC","side":"BUY","price":"0.21533","qty":"24","quote_spent":"5.16792","order_type":"MARKET_MOCK","iteration_id":"2025-08-30T17:35:00Z#6","filters_validated":true,"notes":""}
{"ts":"2025-08-30T17:35:00.456509051Z","exchange":"binance_spot","symbol":"SUIUSDC","side":"BUY","price":"3.2834","qty":"1.6","quote_spent":"5.25344","order_type":"MARKET_MOCK","iteration_id":"2025-08-30T17:35:00Z#6","filters_validated":true,"notes":""}
{"ts":"2025-08-30T17:35:00.505957786Z","exchange":"binance_spot","symbol":"SOLUSDC","side":"BUY","price":"200.9","qty":"0.025","quote_spent":"5.0225","order_type":"MARKET_MOCK","iteration_id":"2025-08-30T17:35:00Z#6","filters_validated":true,"notes":""}
{"ts":"2025-08-30T17:35:00.558332045Z","exchange":"binance_spot","symbol":"BNBUSDC","side":"BUY","price":"858.34","qty":"0.006","quote_spent":"5.15004","order_type":"MARKET_MOCK","iteration_id":"2025-08-30T17:35:00Z#6","filters_validated":true,"notes":""}
{"ts":"2025-08-30T18:35:00.194248814Z","exchange":"binance_spot","symbol":"BTCUSDC","side":"BUY","price":"108662.99","qty":"0.00005","quote_spent":"5.4331495","order_type":"MARKET_MOCK","iteration_id":"2025-08-30T18:35:00Z#7","filters_validated":true,"notes":""}
{"ts":"2025-08-30T18:35:00.241592382Z","exchange":"binance_spot","symbol":"ETHUSDC","side":"BUY","price":"4347.6","qty":"0.0012","quote_spent":"5.21712","order_type":"MARKET_MOCK","iteration_id":"2025-08-30T18:35:00Z#7","filters_validated":true,"notes":""}
{"ts":"2025-08-30T18:35:00.291474836Z","exchange":"binance_spot","symbol":"ADAUSDC","side":"BUY","price":"0.8161","qty":"6.2","quote_spent":"5.05982","order_type":"MARKET_MOCK","iteration_id":"2025-08-30T18:35:00Z#7","filters_validated":true,"notes":""}
{"ts":"2025-08-30T18:35:00.339805815Z","exchange":"binance_spot","symbol":"DOGEUSDC","side":"BUY","price":"0.21477","qty":"24","quote_spent":"5.15448","order_type":"MARKET_MOCK","iteration_id":"2025-08-30T18:35:00Z#7","filters_validated":true,"notes":""}
{"ts":"2025-08-30T18:35:00.387809947Z","exchange":"binance_spot","symbol":"SUIUSDC","side":"BUY","price":"3.2783","qty":"1.6","quote_spent":"5.24528","order_type":"MARKET_MOCK","iteration_id":"2025-08-30T18:35:00Z#7","filters_validated":true,"notes":""}
{"ts":"2025-08-30T18:35:00.435791301Z","exchange":"binance_spot","symbol":"SOLUSDC","side":"BUY","price":"200.88","qty":"0.025","quote_spent":"5.022","order_type":"MARKET_MOCK","iteration_id":"2025-08-30T18:35:00Z#7","filters_validated":true,"notes":""}
{"ts":"2025-08-30T18:35:00.484195853Z","exchange":"binance_spot","symbol":"BNBUSDC","side":"BUY","price":"857.81","qty":"0.006","quote_spent":"5.14686","order_type":"MARKET_MOCK","iteration_id":"2025-08-30T18:35:00Z#7","filters_validated":true,"notes":""}
{"ts":"2025-08-30T19:35:00.179932303Z","exchange":"binance_spot","symbol":"BTCUSDC","side":"BUY","price":"108841.44","qty":"0.00005","quote_spent":"5.442072","order_type":"MARKET_MOCK","iteration_id":"2025-08-30T19:35:00Z#8","filters_validated":true,"notes":""}
{"ts":"2025-08-30T19:35:00.227701487Z","exchange":"binance_spot","symbol":"ETHUSDC","side":"BUY","price":"4347.49","qty":"0.0012","quote_spent":"5.216988","order_type":"MARKET_MOCK","iteration_id":"2025-08-30T19:35:00Z#8","filters_validated":true,"notes":""}
{"ts":"2025-08-30T19:35:00.273836199Z","exchange":"binance_spot","symbol":"ADAUSDC","side":"BUY","price":"0.8188","qty":"6.2","quote_spent":"5.07656","order_type":"MARKET_MOCK","iteration_id":"2025-08-30T19:35:00Z#8","filters_validated":true,"notes":""}
